1814 3190
875 300 924 343 31

303 447 685 490 Animadvertendum
732 452 814 496 est,
857 461 929 501 qua
977 448 1119 488 ratione
1166 447 1287 488 Creon
1319 455 1393 488 tam
1426 458 1556 499 graves

254 527 509 569 accusationes
555 540 575 568 a
622 539 663 567 se
692 532 846 570 avertat.
906 526 1120 581 Indignatur
1148 526 1314 582 inprimis
1333 559 1343 576 ,
1388 527 1490 581 quod
1520 526 1558 566 in

252 613 357 648 tanto
397 620 522 647 rerum
562 606 777 648 discrimine
804 607 986 647 civitatem
1015 607 1196 660 perdere,
1236 607 1396 646 amicum
1427 605 1554 645 fallere

256 686 512 740 arguam-(1).
571 685 662 726 Mori
706 686 843 726 mavult
881 699 993 740 quam
1024 692 1131 728 tanto
1159 686 1316 727 crimine
1346 685 1462 726 teneri
1481 683 1551 737 (Ξ).

250 766 381 821 Neque
419 766 634 821 persuaderi
672 766 705 806 ei
734 772 858 819 potest
887 780 1016 820 regem
1043 773 1257 820 compotem
1288 766 1422 806 mentis
1452 771 1556 805 tanta

251 846 408 887 erimina,
430 847 498 887 sibi
526 846 707 900 objecisse
723 845 794 899 (5).
853 846 938 887 Mox
968 860 1058 887 vero
1085 847 1131 887 ab
1159 847 1240 901 ipso
1259 859 1348 900 rege
1367 846 1557 887 lacessitus

253 940 329 967 non
377 928 569 976 irascitur,
618 928 687 968 sed
731 926 876 967 blandis
922 927 1043 968 verbis
1087 928 1244 968 amicum
1275 941 1295 967 a
1326 929 1464 968 mentis
1493 934 1555 968 te-

253 1006 424 1048 meritate
462 1007 509 1047 ad
547 1020 673 1048 sanam
701 1006 880 1047 rationem
911 1007 1090 1049 reducere
1120 1016 1288 1049 conatur.
1324 1030 1374 1038 —-
1402 1007 1554 1055 Quaerit

254 1100 302 1126 ex
332 1100 399 1134 eo,
447 1100 538 1125 num
567 1087 676 1135 sciat,
720 1087 811 1141 quid
839 1095 949 1138 agat,
1000 1094 1129 1128 monet
1157 1101 1266 1136 eum,
1307 1094 1347 1128 ut
1371 1088 1555 1141 judicium

253 1167 444 1215 cohibeat,
473 1167 686 1222 priusquam
715 1169 876 1208 amicum
906 1167 1092 1207 inimicum
1123 1181 1206 1207 esse
1236 1174 1343 1221 putet
1362 1168 1431 1221 (4).
1465 1169 1551 1208 Non

254 1253 447 1288 succenset
483 1247 561 1301 regi
594 1246 782 1288 insultanti
814 1246 943 1301 (548);
979 1269 1033 1278 —
1060 1247 1259 1288 assentitur
1278 1247 1340 1296 iis,
1370 1260 1465 1302 quae
1483 1247 1552 1288 sibi

255 1334 360 1368 recte
398 1328 492 1368 dicta
532 1341 615 1368 esse
643 1328 817 1368 videntur
846 1327 968 1382 (555).
1025 1326 1126 1375 Quae
1154 1327 1309 1368 Tiresias
1337 1329 1521 1381 evulgavit
1538 1360 1547 1377 ‚

258 1409 328 1450 etsi
368 1421 436 1462 pro
476 1409 587 1449 certis
626 1408 759 1457 habet,
803 1415 926 1449 tamen
956 1421 1033 1449 non
1063 1409 1263 1449 confirmat
1291 1411 1324 1447 εἰ
1349 1409 1420 1458 μὲν
1448 1409 1550 1458 λέγει

254 1490 329 1527 τάδ’
366 1484 473 1527 αὐτὸς
501 1488 608 1527 οἶσθα
626 1488 683 1540 (5)
719 1489 785 1529 sed
816 1488 850 1528 id
880 1489 1005 1542 potius
1033 1489 1128 1542 agit,
1158 1494 1199 1528 ut
1226 1488 1304 1541 regi
1334 1487 1556 1541 persuadeat

254 1567 358 1620 regni
387 1567 576 1608 evertendi
606 1567 754 1608 consilia
783 1568 938 1608 omnino
967 1568 1085 1609 aliena
1115 1581 1196 1609 esse
1216 1568 1262 1607 ab
1279 1580 1341 1616 eo,
1369 1568 1431 1622 qui
1452 1574 1552 1607 tanta

256 1647 413 1700 gaudeat
450 1649 664 1687 auctoritate
683 1646 761 1700 (6);
810 1647 959 1687 tandem
999 1661 1041 1688 ea
1078 1647 1180 1688 addit
1220 1648 1352 1702 quibus
1390 1647 1556 1701 Oedipus

257 1727 503 1769 certissimum
532 1727 600 1768 sibi
629 1728 899 1768 documentum
928 1741 1055 1782 parare
1083 1734 1225 1782 potest:

467 1822 523 1853 καὶ
547 1820 646 1853 τῶνδ’
667 1821 828 1864 ἔλεγχον,
852 1821 953 1854 τοῦτο
974 1820 1037 1864 μέν
1060 1819 1194 1855 Πυθώδ’
1218 1820 1279 1852 ἰών

466 1890 598 1923 πεύθου
620 1891 664 1922 τὰ
687 1889 889 1932 χρησθέντθ,
915 1889 943 1921 εἰ
964 1892 1076 1932 σαφῶς
1097 1889 1242 1932 ἥγγειλά
1264 1899 1316 1920 σοι
1331 1888 1393 1930 (7).

306 1971 377 2012 Per
424 1978 540 2013 totam
589 1972 685 2014 hanc
733 1956 941 2013 orationem
982 1972 1155 2013 Creontis
1201 1984 1325 2012 mores
1364 1971 1525 2012 facillimi
1544 2003 1554 2020 ,

253 2052 383 2094 caritas
411 2054 448 2094 in
479 2066 607 2106 regem
637 2060 676 2094 et
694 2053 969 2102 benevolentia,
1002 2066 1146 2094 summa
1166 2052 1327 2107 denique
1350 2052 1555 2093 moderatio

254 2134 301 2174 ita
348 2135 647 2191 conspiciuntur,
697 2142 737 2175 ut
776 2149 853 2175 non
881 2136 967 2175 satis
995 2148 1060 2175 eos
1090 2134 1212 2174 mirari
1241 2133 1446 2187 possimus,
1489 2133 1553 2187 qui

254 2213 456 2255 Creontem
495 2214 628 2256 durum
667 2214 915 2271 callidumque
942 2229 962 2256 a
990 2219 1097 2270 poeta
1126 2214 1254 2256 fictum
1282 2226 1364 2254 esse
1391 2219 1556 2254 conten-

299 2453 348 2497 (1)
392 2456 467 2488 615.
511 2455 549 2488 ἐν
571 2458 647 2494 ταῖς
669 2457 854 2499 ξυμφοραῖς
875 2458 954 2493 ταῖς
975 2456 1050 2488 νῦν.

295 2509 349 2552 (2)
391 2511 466 2544 518.
511 2510 604 2543 οὗτοι
625 2510 706 2552 βίον
726 2523 784 2554 μοι
806 2513 867 2544 τοῦ
889 2512 1105 2553 μακραίωνος
1127 2509 1249 2548 πόθος.

297 2565 351 2608 (3)
394 2567 468 2599 528.
514 2567 548 2603 ἐξ
571 2567 733 2610 ὀμμάτων
756 2566 784 2599 δ’
808 2568 922 2610 ὀρθῶν
945 2578 980 2599 τε
1002 2567 1068 2603 κάξ
1089 2567 1195 2608 ὀρθῆς
1216 2565 1346 2610 φρενός.

298 2620 352 2664 (4)
395 2622 467 2655 544.
511 2621 555 2655 'ic'
579 2623 819 2665 ἀντάκουσον,
842 2622 932 2668 κᾷτα
954 2622 1040 2666 κρῖν’
1066 2622 1171 2660 αὐτὸς
1192 2621 1324 2665 μαθών,

317 2678 336 2708 5
396 2677 472 2711 574.
595 2678 599 2684 ”

298 2676 350 2774 ἕθ)
395 2733 458 2766 686
481 2742 550 2776 seq.
595 2734 687 2768 Conf.
711 2736 870 2775 mimum,
893 2735 945 2767 die
965 2734 1060 2774 Βοιώ.
1089 2733 1190 2766 Theol.
1217 2745 1249 2766 u.
1274 2732 1386 2765 Ethik.

303 2786 355 2831 (7)
399 2789 481 2831 603,
504 2791 578 2823 604.
