1814 3190
890 259 944 301 62

256 403 458 444 commisso
477 435 487 452 ,
554 404 612 445 vel
669 405 717 446 de
772 418 914 458 genere
972 405 1261 446 Labdacidarum
1319 406 1388 447 diis
1443 405 1564 446 inviso

256 496 304 524 ne
370 484 523 525 verbum
581 485 735 540 quidem
793 486 897 528 faciat
950 487 1017 540 (1).
1097 486 1288 542 Nusquam
1346 486 1565 541 significavit

254 564 440 618 Oedipum
468 567 506 607 in
534 567 733 607 sceleribus
760 567 1043 607 committendis
1073 568 1176 607 luere
1196 569 1378 622 majorum
1399 546 1529 607 delicta
1545 597 1555 614 ,

255 657 379 699 neque
407 645 543 686 scelera
573 646 632 686 illa
660 647 708 687 ita
728 645 904 687 divinitus
922 646 1127 687 constituta
1143 646 1360 702 proposuit,
1385 652 1426 687 ut
1445 657 1563 701 quae-

255 725 340 764 dam
368 726 501 777 agendi
532 727 733 766 necessitas
762 726 904 779 Oedipo
935 727 1193 778 imponeretur
1208 724 1276 778 (2).
1305 724 1562 778 Quaecunque

254 805 332 857 agit
373 817 450 845 non
492 807 616 847 minus
643 820 662 846 a
692 806 805 847 libera
836 806 1026 846 voluntate
1056 805 1343 859 proficiscuntur
1360 804 1418 859 (3)
1446 817 1559 858 quam

257 884 407 933 omnia,
453 898 548 939 quae
595 886 633 925 in
675 886 751 939 ipsa
779 885 898 926 sabula
929 885 1102 926 dicuntur
1129 893 1168 926 et
1195 892 1371 939 aguntur.
1428 884 1560 939 Neque

253 969 378 1004 tamen
408 964 480 1005 hoc
507 965 587 1018 egit
616 970 748 1019 poeta,
778 972 820 1005 ut
848 966 894 1005 ad
924 965 1062 1005 scelera
1093 966 1170 1019 ipsa
1191 965 1430 1005 attenderent
1447 976 1560 1017 spec-

254 1052 415 1093 tatores,
454 1046 521 1086 sed
563 1054 604 1086 ut
632 1046 802 1086 omnium
840 1045 935 1086 oculi
965 1046 1000 1084 in
1032 1044 1217 1098 Oedipum
1246 1050 1559 1084 converterentur

252 1131 438 1179 tamquam
478 1126 664 1180 insignem
707 1125 867 1180 speciem
909 1125 1071 1165 hominis
1107 1137 1241 1178 magna
1282 1122 1409 1164 indole
1444 1135 1559 1177 prae-

252 1204 319 1243 diti
358 1204 423 1244 sed
464 1205 576 1244 nimia
616 1205 846 1245 confidentia
884 1213 922 1245 et
962 1206 1173 1255 temeritate
1213 1205 1392 1253 labantis,
1441 1211 1557 1259 utque

251 1283 506 1338 intelligerent
533 1291 763 1339 spectatores
793 1287 900 1336 ᾶτηο,
939 1299 1011 1339 qua
1056 1290 1274 1325 occaecatus
1302 1291 1385 1331 est,
1414 1284 1555 1324 semina

256 1366 293 1404 in
335 1366 450 1418 ipsius
488 1365 615 1406 animo
651 1379 734 1406 esse
763 1365 966 1405 recondita.
1025 1364 1084 1404 Sic
1122 1365 1222 1404 enim
1260 1365 1334 1405 vim
1363 1376 1450 1404 vere
1478 1369 1556 1403 tra-

250 1445 369 1497 gicam
417 1444 529 1485 habet
571 1447 708 1486 mentis
749 1445 806 1485 illa
846 1446 1024 1492 caecitas,
1082 1459 1153 1498 qua
1193 1444 1256 1493 fit,
1304 1451 1347 1485 ut
1389 1444 1554 1499 Oedipus

248 1524 388 1576 optima
422 1536 594 1579 quaeque
628 1524 778 1565 molitus
811 1537 921 1564 suum
959 1530 1117 1564 maturet
1147 1524 1316 1566 exitium.
1375 1514 1493 1572 Quod‘
1523 1525 1553 1564 si

249 1602 410 1642 tenebris
450 1604 590 1656 pulsis,
640 1605 866 1644 atrocissima
907 1615 1027 1657 poena
1069 1616 1109 1643 se
1160 1605 1239 1657 ipse
1278 1604 1390 1644 afficit
1429 1605 1557 1644 omni-

249 1696 387 1736 umque
426 1684 605 1724 malorum
649 1685 794 1738 culpam
837 1685 873 1724 in
915 1698 955 1724 se
997 1684 1263 1724 conferendam
1302 1697 1384 1724 esse
1425 1684 1554 1724 decla-

248 1769 326 1809 rat,
361 1762 480 1801 noluit
510 1775 556 1802 eo
586 1763 797 1816 significare
817 1767 928 1817 poeta
945 1763 1101 1815 dignum
1122 1763 1235 1803 fuisse
1254 1762 1460 1816 Oedipum,
1489 1762 1552 1817 qui

244 1850 317 1882 tam
359 1843 522 1894 graviter
552 1842 801 1895 plecteretur,
837 1843 904 1882 sed
940 1843 1131 1882 hominem
1162 1856 1293 1882 eorum
1324 1842 1552 1881 conscientia

242 1933 338 1974 quae
367 1920 568 1975 aliquando
598 1921 733 1961 inscius
761 1928 800 1961 et
832 1921 968 1961 invitus
997 1920 1064 1960 sed
1098 1927 1239 1960 temere
1267 1927 1305 1961 et
1332 1919 1551 1974 imprudens

243 2002 474 2041 commiserit
513 2014 558 2041 eo
605 2000 865 2041 vehementius
895 2001 1045 2054 agitari,
1085 2014 1161 2054 quo
1191 2001 1308 2053 magis
1339 2014 1404 2040 sua
1434 2001 1546 2041 inno-

243 2081 363 2121 centia
397 2081 514 2121 fretus
542 2081 589 2121 ab
617 2081 719 2122 omni
751 2088 855 2135 parte
881 2094 921 2121 se
952 2088 1074 2122 tutum
1095 2081 1235 2123 credat.

300 2162 416 2215 igitur
454 2175 530 2202 non
571 2161 865 2203 imbecillitatem
912 2161 1076 2202 hominis
1116 2167 1180 2201 aut
1213 2163 1265 2202 ira
1299 2162 1458 2202 deorum
1488 2167 1551 2202 aut

242 2240 443 2280 inevitabili
493 2253 617 2281 rerum
667 2253 852 2281 concursu
895 2241 930 2280 in
975 2241 1069 2280 mala
1112 2240 1284 2290 deducti,
1327 2241 1394 2282 sed
1425 2241 1548 2295 magni

280 2515 330 2558 (1)
374 2516 442 2548 Hoc
466 2516 518 2549 ubi
542 2516 674 2557 agnovit
698 2525 855 2549 mutuno
878 2526 1069 2559 nnouwnn,
1092 2517 1230 2559 Prome,
1252 2522 1316 2550 cet.
1340 2527 1370 2559 p.
1388 2519 1450 2559 49,
1474 2526 1549 2550 sen-

234 2573 369 2605 tentiam
395 2572 425 2604 in
447 2582 567 2605 comm.
591 2583 621 2614 p.
644 2573 683 2607 73
698 2598 706 2613 ,
738 2572 908 2615 probatam
933 2575 1111 2606 revocavit.
1155 2573 1245 2606 Conf.
1269 2583 1304 2606 κ.
1330 2583 1522 2606 scuwnncx
1537 2599 1546 2614 ‚

236 2635 309 2667 pag.
338 2626 418 2666 1043
443 2634 472 2655 o.
495 2632 680 2665 namen,
710 2626 780 2657 169.

281 2680 333 2723 (2)
377 2680 469 2713 Gonf.
503 2680 599 2712 etiam
636 2684 823 2722 nnuman-n,
848 2680 921 2714 iiber
942 2682 993 2712 die
1015 2680 1089 2712 Idee
1110 2681 1163 2712 dea
1185 2680 1386 2723 Schickaazs,
1412 2691 1444 2723 p.
1471 2682 1544 2712 141.

279 2735 330 2780 (3)
373 2737 464 2770 Cous.
487 2745 570 2778 quac
593 2736 854 2779 disputavimus,
880 2747 956 2779 pag.
986 2739 1125 2770 14—16.
