1814 3190
871 285 923 330 52

294 436 377 484 Quo
404 435 506 476 enim
538 434 643 476 vultu
672 433 810 475 liberos
839 434 975 474 intueri
996 434 1189 488 potuisset.
1247 433 1342 482 Quid
1363 435 1547 477 attinebat

238 531 326 558 eum
357 516 504 563 videre,
535 517 596 556 cui
627 514 768 555 videnti
799 513 891 555 nihil
920 519 1018 555 esset
1041 512 1279 568 jucundum?
1306 513 1402 562 Quin
1433 516 1542 557 etiam

240 597 426 637 declarat:

756 714 837 748 ἀλλ’
861 714 889 747 εἰ
912 716 974 754 τῆς
994 713 1190 756 ἀκουούσης
1212 716 1259 748 ἔτ’
1286 714 1330 755 ἦν

451 785 569 827 πηγῆς
592 783 632 815 δι’
658 782 758 815 ὤτων
780 783 951 826 φραγμός,
975 783 1036 815 οὐκ
1060 784 1107 815 ἅν
1128 783 1280 826 ἐσχόμην

456 853 497 884 τὸ
519 852 744 894 μα’ποκλῇσαι
767 851 896 894 τούμὸν
918 852 1046 884 ἄθλιον
1069 851 1173 894 δέμας

451 918 498 953 ἰ’ν)
524 921 546 960 ἦ
569 921 697 964 τυφλός
721 931 756 953 τε
779 922 834 954 καὶ
856 920 973 954 κλύων
994 919 1101 963 μηδὲν
1123 919 1383 963 (1386-1390).

291 1041 366 1081 Sed
414 1054 490 1080 non
521 1042 641 1081 solum
673 1054 812 1095 poena,
842 1055 953 1095 quam
984 1042 1054 1081 sibi
1083 1042 1162 1096 ipse
1193 1042 1394 1095 imposuit,
1425 1042 1548 1095 signi-

236 1120 358 1161 ficavit
412 1120 557 1174 culpam
615 1120 751 1174 peccati
801 1121 847 1160 ad
898 1133 939 1161 se
979 1121 1100 1173 ipsum
1140 1121 1349 1175 pertinere,
1410 1122 1549 1163 fatetur

236 1201 348 1240 etiam
379 1200 493 1240 deum
522 1200 663 1240 scelere
693 1200 842 1240 detecto
867 1201 984 1255 justas
1014 1214 1154 1255 poenas
1178 1203 1363 1255 exegisse.
1421 1201 1543 1249 Quum

240 1282 342 1321 enim
372 1280 582 1322 exclamat:

451 1372 642 1406 Ἀπόλλων
663 1371 736 1404 τάδ’
763 1373 826 1414 ἦν,
848 1372 1053 1414 Ἀπόλλων,
1076 1373 1168 1416 φίλοι

453 1440 471 1472 ὁ
493 1441 581 1473 κακὰ
604 1440 689 1472 κακὰ
713 1439 823 1472 τελῶν
845 1440 909 1482 ἐμὰ
933 1439 1005 1472 τάδ’
1030 1441 1095 1483 ἐμὰ
1117 1441 1231 1474 πάθεα
1252 1443 1391 1482 (1329-
1402 1441 1459 1484 30)
1474 1465 1484 1483 ,

235 1522 307 1563 deo
337 1521 427 1562 nihil
457 1522 681 1576 exprobrat,
710 1522 777 1563 sed
809 1523 846 1563 in
885 1522 1103 1563 memoriam
1138 1523 1235 1564 redit
1268 1536 1416 1573 eorum,
1447 1536 1541 1578 quae

233 1603 429 1658 aliquando
476 1604 633 1644 Tiresias
672 1611 751 1644 erat
791 1603 1015 1656 locutusfl).
1075 1603 1186 1644 Nullo
1215 1604 1298 1645 loco
1328 1604 1540 1658 Apollinem

232 1685 462 1724 crudelitatis
499 1691 672 1732 accusat,
713 1686 851 1739 quippe
891 1684 953 1738 qui
992 1684 1174 1737 intelligat
1214 1697 1255 1724 se
1292 1685 1382 1725 satis
1409 1698 1546 1739 super-

236 1777 310 1818 que
340 1778 360 1804 a
389 1764 468 1804 Deo
499 1764 684 1805 monitum
714 1764 843 1803 fuisse.

292 1843 422 1897 Neque
471 1849 666 1897 parentes,
719 1843 886 1882 omnium
939 1841 1119 1881 malorum
1162 1842 1304 1895 primos
1349 1849 1540 1892 auctores,

236 1923 399 1977 Oedipus
437 1931 597 1965 accusat.
658 1924 733 1964 Etsi
773 1937 849 1962 non
891 1922 1037 1976 ignorat
1076 1936 1117 1963 se
1155 1922 1330 1976 improbis
1359 1936 1443 1963 esse
1472 1938 1543 1963 na-

236 2006 409 2060 tum(⁴2),
454 2012 578 2046 tamen
617 2011 811 2058 parentum
851 2003 958 2057 culpa
995 2002 1136 2043 scelera
1174 2016 1240 2043 sua
1279 2002 1422 2044 elevare
1463 2016 1540 2044 non

235 2094 392 2127 conatur
434 2086 500 2126 sed
531 2098 660 2125 amore
688 2085 800 2125 etiam
830 2097 928 2124 nunc
958 2082 1277 2137 amplectitur(5),
1308 2084 1344 2123 in
1373 2097 1467 2138 quos
1498 2097 1542 2124 ea

234 2166 438 2214 commisit,
466 2178 561 2219 quae
590 2165 815 2216 gravissimis
844 2163 977 2217 poenis
1007 2162 1057 2202 lui
1078 2175 1154 2201 non
1175 2171 1354 2215 possunt,
1382 2175 1541 2217 quorum

236 2246 464 2287 conscientia
493 2259 611 2300 aeque
639 2246 828 2285 cruciatur
856 2252 966 2297 atque
984 2243 1162 2282 acerrimo
1181 2241 1376 2281 oculorum
1396 2241 1541 2283 dolore.

293 2327 423 2381 Neque
454 2333 597 2366 tantum
628 2338 715 2365 eum
746 2323 913 2378 poenitet
940 2320 1234 2375 imprudentiae,
1263 2333 1335 2376 qua
1353 2320 1541 2361 atrocissi-

236 2424 291 2449 ma
322 2408 463 2448 scelera
494 2407 628 2447 inscius
661 2405 911 2459 perpetravit,
939 2402 1004 2443 sed
1025 2403 1135 2441 etiam
1156 2401 1332 2448 levitatis,
1361 2414 1431 2454 qua
1450 2412 1552 2453 gra->

278 2596 327 2638 (1)
373 2596 459 2629 Cont'
488 2602 751 2627 scmuzmnwm.

274 2653 325 2696 (2)
372 2656 466 2686 1360.
510 2654 576 2684 νῦν
598 2650 625 2683 δ’
649 2648 754 2688 ἄθεος
776 2650 839 2691 μέν
861 2648 920 2691 εἰμ’
936 2673 945 2689 ,
967 2647 1120 2680 ἀνοσίων
1143 2645 1175 2678 δὲ
1201 2648 1295 2684 ταῖς.

381 2707 472 2741 1397.
517 2707 583 2739 νῦν
606 2705 672 2749 γιὶρ
695 2704 798 2743 κακός
821 2706 848 2736 τ’
875 2703 923 2736 ὧν
945 2702 1009 2735 κάκ
1031 2704 1144 2734 κακῶν
1166 2700 1370 2743 εὑρίσκομαι.

277 2764 325 2808 (3)
368 2762 541 2798 Praeclare
567 2763 626 2796 hoc
648 2761 849 2803 declaravit,
871 2769 922 2795 vs,
949 2759 1053 2799 1447,
1079 2759 1174 2793 1448.
