1814 3190
902 288 955 330 59

280 447 327 476 ex
380 433 589 489 longinquo
640 434 772 475 vident
821 436 1045 490 irrupturam
1097 448 1181 477 esse
1229 435 1268 476 in
1312 448 1398 477 eum
1413 468 1422 485 ‚
1471 449 1584 491 quem

279 520 432 570 propter
460 515 616 555 virtutes
645 520 749 556 tanto
777 528 903 557 amore
921 516 1240 570 complectantur,
1269 529 1315 556 co
1334 516 1450 570 magis
1469 517 1584 558 mise-

278 601 409 636 rantur
451 595 570 635 virum
610 595 724 635 animi
765 595 1046 650 pecturbatione
1085 596 1177 636 mala
1206 608 1271 637 sua
1300 602 1579 648 aggravantem.

277 677 357 717 Jam
408 674 513 715 initio
563 674 701 716 fabulae
750 675 889 715 medias
928 674 965 714 in
1013 688 1071 715 τω
1111 674 1302 728 rapiuntur
1341 672 1583 728 spectatores.

278 756 498 810 Adspiciunt
536 768 670 803 senes,
709 754 968 796 adolescentes
1009 768 1225 809 puerosque
1254 755 1300 794 ad
1328 768 1408 794 aras
1441 755 1584 795 seden—

276 840 334 876 tes
350 866 360 883 ,
390 847 500 889 opem
530 841 568 875 et
597 835 753 875 salutem
782 849 803 875 a
831 848 921 887 rege
954 835 1147 889 petituros.
1205 834 1316 874 Foras
1345 835 1582 888 progreditur

276 915 462 969 Oedipus,
493 916 593 956 cives
619 915 854 962 consolatur,
882 914 984 955 audit
1011 914 1246 955 sacerdotem
1261 945 1270 961 ‚
1299 914 1349 954 ait
1377 927 1417 954 se
1435 914 1582 955 Creon-

277 1002 356 1037 tem
384 995 431 1036 ad
458 995 646 1036 oraculum
674 995 947 1036 consulendum
976 994 1144 1042 misisse,
1174 995 1367 1048 profitetur
1395 1008 1437 1035 se
1456 996 1579 1035 omnia

276 1077 457 1117 facturum
486 1088 592 1123 esse,
625 1088 720 1129 quae
747 1075 840 1116 deus
863 1074 1025 1128 jusserit.

328 1156 383 1197 Ex
412 1156 484 1197 hoc
512 1155 671 1197 solemni
700 1155 882 1210 promisso
911 1157 1028 1196 oritur
1056 1157 1163 1198 actio.
1192 1180 1245 1187 —-
1272 1157 1340 1198 Ubi
1362 1171 1451 1197 vero
1470 1170 1582 1211 spec-

276 1242 415 1277 tatores
443 1250 463 1277 a
490 1237 652 1278 Creonte
679 1236 828 1290 Delphis
855 1236 1039 1277 redeunte
1068 1237 1310 1277 audiverunt:

535 1343 670 1385 ἄνωγεν
693 1342 783 1384 ἡμᾶς
804 1341 933 1383 Φοῖβος
956 1342 1113 1385 ἐμφανῶς
1135 1343 1225 1379 ἅναξ

530 1410 665 1453 μίασμα
688 1410 821 1452 χώρας,
843 1410 890 1449 ὡς
913 1410 1147 1453 τεθραμμένον
1168 1412 1271 1453 χθονὶ

531 1480 568 1513 ἐν
593 1478 664 1522 τῇδ’
679 1505 687 1521 ,
710 1478 868 1512 ἐλαύνειν
888 1478 965 1521 μηδ’
988 1478 1183 1519 α’νῆεεστον
1205 1480 1335 1523 τρέφειν
1357 1484 1485 1515 96-98

274 1568 312 1602 et
341 1575 429 1601 mox
459 1560 744 1607 intellexerunt,
775 1559 955 1613 piaculum
985 1560 1074 1601 illud
1103 1560 1146 1600 ad
1178 1561 1310 1602 Laium
1340 1562 1575 1604 interfectum

273 1641 479 1695 pertinere,
520 1640 686 1680 dubitare
715 1653 791 1679 non
820 1646 979 1693 possunt
1006 1640 1097 1694 quin
1127 1641 1236 1681 huius
1265 1642 1389 1683 caedis
1418 1642 1576 1683 investi—

273 1722 374 1774 gatio
417 1721 495 1773 regi
537 1720 739 1774 perniciem
780 1719 826 1760 sit
865 1719 1016 1760 allatura
1039 1721 1101 1773 (1).
1168 1721 1268 1768 Quae
1309 1722 1485 1775 cogitatio
1527 1736 1574 1764 eo

273 1801 390 1855 magis
429 1800 715 1841 misericordiam
746 1813 898 1840 movere
928 1800 1065 1848 debet,
1105 1814 1191 1856 quo¹
1210 1801 1458 1842 amabiliorem
1488 1817 1578 1857 spe-

270 1883 365 1922 ciem
403 1881 554 1935 praebet
591 1879 773 1934 Oedipus,
812 1886 965 1933 paterno
993 1880 1127 1920 civium
1156 1895 1286 1921 amore
1314 1883 1486 1923 incensus
1508 1881 1574 1936 (2).

273 1963 440 2016 Augetur
486 1961 574 2002 haec
617 1960 864 2000 misericordia
903 1961 942 1999 in
980 1960 1111 2000 animis
1151 1967 1426 2014 spectatorum,
1475 1963 1576 2016 quod

270 2041 439 2095 Oedipus
470 2040 603 2081 nullius
629 2039 792 2080 criminis
818 2039 886 2080 sibi
911 2040 1085 2080 conscius
1115 2040 1274 2083 videtur.
1298 2064 1349 2071 —
1369 2042 1446 2082 Etsi
1466 2043 1574 2083 verba

274 2122 450 2163 Creontis
478 2120 635 2161 obscure
663 2120 849 2161 declarant
873 2133 971 2172 quae
996 2121 1071 2175 jam
1090 2122 1325 2176 praesagiunt
1342 2136 1460 2177 eaque
1483 2125 1575 2165 mira

270 2202 449 2242 videntur
476 2214 572 2256 quae
599 2201 647 2241 de
674 2213 783 2241 servo
812 2207 957 2241 narrat:

399 2295 533 2338 λῃστὰς
554 2295 675 2337 ἔφασκε
698 2295 937 2337 συντυχόντας
959 2295 998 2328 οὐ
1020 2297 1082 2338 μιᾷ

399 2363 495 2407 ῥώμῃ
517 2366 657 2396 κτανεῖν
679 2375 753 2404 νιν,
775 2362 871 2396 ἀλλὰ
894 2364 959 2396 σὺν
981 2363 1111 2403 *Rhea
1134 2367 1244 2406 χερῶν
1266 2364 1310 2406 (v.
1336 2366 1413 2406 122,
1439 2365 1495 2408 23)

313 2487 365 2531 (1)
408 2488 500 2520 conf.
534 2499 565 2520 Γ.
600 2491 756 2530 uiam,
790 2488 841 2520 die
864 2488 999 2528 Oedipus
1022 2488 1124 2530 Saye,
1148 2499 1224 2531 pag.
1248 2491 1287 2522 8:
1324 2490 1391 2521 dem
1414 2491 1474 2523 mit
1492 2490 1575 2531 prii-

260 2543 391 2584 sondem
418 2543 627 2575 Bewuseteein
650 2542 726 2584 fret·
754 2544 822 2575 dem
855 2543 1043 2585 befimqenen
1072 2544 1284 2577 Handelnden
1306 2544 1372 2586 auf
1387 2546 1442 2576 der
1465 2545 1578 2577 Biilme

266 2598 603 2640 yeaeniiberstehenden
636 2599 814 2632 chhauor
847 2601 890 2631 iat
922 2600 1016 2632 solum
1037 2600 1131 2641 lclar,
1164 2601 1237 2633 dass
1259 2601 1330 2632 hier
1351 2601 1401 2632 die
1422 2601 1578 2632 Pmouon

268 2654 336 2687 sich
366 2654 509 2686 echoidm
530 2655 598 2686 und
615 2664 682 2686 was
703 2655 759 2686 der
780 2655 868 2687 einen
890 2654 989 2696 Reiz,
1024 2656 1079 2687 dor
1101 2656 1237 2688 anderen
1258 2655 1413 2688 vielleieht
1435 2655 1491 2686 das
1513 2656 1574 2687 bit-

269 2715 365 2743 term
393 2710 469 2743 Weh
490 2710 608 2752 brinqt.

312 2765 364 2807 (2)
409 2765 501 2798 Conf.
524 2775 557 2807 p.
582 2766 603 2796 4
624 2774 715 2808 seqq.
