1814 3190
869 309 923 353 33

245 460 476 509 quantopere
515 455 583 496 liae
611 456 748 497 virtute
776 458 918 511 carenti
944 455 1156 497 cavendum
1185 463 1284 497 esset
1300 488 1310 505 ,
1348 469 1396 497 ne
1427 462 1553 497 rueret

247 534 284 573 in
313 535 517 593 perniciem
545 535 809 577 inevitabilem.

299 614 435 654 Nonne
483 615 672 669 Oedipus,
704 617 915 670 priusquam
945 616 1105 656 amicum
1134 615 1314 655 conviciis
1345 616 1520 654 obrueret
1545 645 1555 661 .

247 695 296 736 ita
326 695 493 737 monitus
522 703 599 738 erat
628 710 647 738 a
676 696 811 738 Tiresia
830 729 839 746 ‚
872 704 914 738 ut
942 697 1055 738 totius
1087 696 1182 737 vitae
1216 696 1374 750 spatium
1407 696 1443 736 in
1473 695 1553 736 eius

247 775 467 816 memoriam
497 775 621 817 redire
651 777 825 826 deberet,
856 789 984 817 nonne
1013 776 1182 819 Creontis
1212 776 1322 817 fidem
1346 782 1550 831 spectatam

246 870 314 911 per
341 857 479 897 multos
507 871 628 898 annos
658 865 738 899 erat
767 859 974 912 expertus?
1029 857 1104 898 Sed
1135 858 1398 912 opprimuntur
1416 871 1551 897 omnes

248 935 422 978 meliores
450 938 695 993 cogitationes
726 939 760 978 vi
790 937 1012 993 suspicionis
1041 937 1157 979 semel
1185 945 1414 991 conceptae3
1443 937 1554 978 blan-

247 1016 405 1058 dissimis
435 1018 554 1058 verbis
584 1032 662 1059 non
693 1025 864 1059 movetur
893 1025 932 1059 et
959 1019 1035 1058 irae
1064 1018 1252 1071 impotens
1281 1023 1380 1058 tanta
1408 1018 1552 1072 capitur

246 1095 456 1146 oblivione,
486 1104 526 1138 ut
554 1099 617 1153 qui
647 1098 843 1153 aliquando
872 1097 985 1139 multa
1014 1096 1129 1138 caede
1149 1110 1279 1137 manus
1298 1099 1550 1147 cruentaverit

249 1178 415 1230 profiteri
443 1179 602 1219 audeat:

536 1271 575 1303 οὐ
600 1272 666 1313 γὰρ
691 1269 733 1310 δὴ
756 1271 878 1314 φονεὺς
899 1269 1081 1313 ἁλώσομαι
1102 1268 1207 1313 (576).

302 1350 362 1391 Sic
400 1350 552 1392 tandem
592 1351 771 1405 abripitur
805 1352 956 1403 αὐθαδίᾳ
975 1353 1053 1405 (1),
1093 1363 1190 1406 quae
1225 1353 1406 1402 σκαιότητ’
1435 1352 1549 1399 ὀφλι-

220 1416 224 1419 ”
248 1430 394 1478 caedua,
424 1431 476 1471 sic
507 1431 543 1470 in
572 1444 659 1471 eum
683 1431 913 1472 conveniunt
941 1431 1051 1472 verba
1078 1431 1186 1472 chori

478 1527 615 1567 φρονεῖν
638 1524 704 1567 γὰρ
728 1524 759 1556 οἱ
781 1528 897 1566 ταχεῖς
919 1525 980 1558 οὐκ
1002 1525 1178 1569 ἀσφαλεῖς
1203 1524 1263 1569 (2).

303 1604 457 1645 Fallitur
494 1604 657 1660 Oedipus
696 1614 734 1647 et
772 1620 819 1648 eo
858 1620 975 1661 usque
1013 1607 1204 1663 procedit,
1245 1613 1286 1648 ut
1314 1607 1543 1648 sanctissima

241 1684 479 1740 jurisjurandi
519 1692 641 1741 spreta
681 1687 860 1741 religione
895 1702 915 1728 a
952 1687 1088 1728 femina
1117 1687 1304 1742 impietate
1332 1687 1544 1729 exsultante

246 1764 293 1804 ad
322 1763 414 1804 deos
443 1766 607 1805 revocari
635 1765 770 1806 debeat
791 1765 860 1818 (5).
918 1765 992 1806 Sed
1013 1779 1090 1805 non
1111 1767 1267 1820 amplius
1288 1766 1444 1807 deorum
1468 1778 1544 1806 nu-

247 1844 346 1884 mine
388 1845 531 1885 moveri
575 1846 721 1888 videtur
762 1853 800 1887 et
841 1848 1041 1888 amicorum
1071 1847 1243 1900 precibus
1272 1847 1370 1887 cedit
1401 1847 1549 1887 invitis-

243 1925 385 1974 simus,
416 1925 463 1966 de
490 1926 592 1967 cuius
622 1926 787 1967 moribus
820 1938 907 1967 vere
936 1926 1089 1968 Creon:

847 2019 882 2051 αἱ
905 2018 938 2051 δὲ
961 2021 1114 2052 τοιαῦται
1137 2019 1252 2061 φύσεις·

459 2086 582 2126 αὑταῖς
604 2086 736 2126 δικαίως
760 2088 845 2120 εἰσὶν
866 2087 1032 2130 ἅλγισται
1055 2086 1179 2130 φέρειν·
1202 2085 1309 2129 (676).

300 2166 418 2213 Quam
471 2181 559 2208 vere
593 2169 715 2210 Creon
757 2168 906 2209 locutus
944 2175 1042 2208 esset
1083 2181 1171 2208 mox
1211 2166 1375 2219 Oedipus
1418 2167 1543 2207 sensit.

243 2247 362 2295 Quem
402 2248 496 2290 vatis
534 2249 780 2298 sanctissimi,
818 2262 931 2304 quem
972 2248 1078 2289 amici
1120 2247 1240 2287 fidelis
1268 2246 1546 2287 admonitiones

242 2341 396 2368 movere
425 2341 502 2369 non
530 2335 759 2383 potuerunt,
790 2343 878 2370 eum
908 2342 985 2370 uno
1014 2328 1129 2369 verbo
1158 2327 1322 2368 locastae
1342 2327 1470 2367 audito
1484 2326 1543 2378 (4)

282 2477 338 2522 (1)
382 2480 456 2512 549.

284 2533 336 2575 (2)
380 2535 454 2569 617.
498 2534 638 2568 Omnino
669 2537 700 2569 in
731 2535 890 2579 Oedipum
921 2535 1037 2568 eadunt
1070 2544 1156 2576 quae
1188 2533 1353 2566 adnotavit
1379 2533 1542 2566 Scholast.

239 2588 279 2620 ad
302 2598 333 2622 v.
357 2592 440 2623 616:
465 2589 483 2622 ὁ
506 2591 572 2634 γὰρ
595 2593 684 2633 ταχὺ
706 2591 976 2634 βουλεύομενος,
998 2591 1055 2623 καὶ
1075 2592 1124 2633 μὴ
1148 2589 1316 2628 πολλάκις
1337 2589 1543 2631 βασανίζων

239 2644 305 2682 τὴν
333 2644 478 2687 γνώμην
509 2645 761 2689 σφάλλεται.

281 2696 334 2740 (3)
350 2693 359 2701 ”
379 2701 460 2740 644,
484 2710 533 2742 sq.
555 2701 602 2733 De
624 2702 699 2734 talis
717 2701 927 2742 jurisjurandi
950 2702 1119 2733 sanctitate
1133 2701 1218 2733 conf.
1235 2710 1357 2732 remus
1371 2726 1380 2741 ,
1401 2700 1541 2741 Theoloq.

238 2753 354 2796 Sepla„
377 2764 407 2797 p.
436 2756 473 2788 18
491 2767 500 2798 3
523 2766 680 2790 memu
701 2766 893 2799 amum,
916 2757 1048 2798 Prome,
1074 2767 1106 2799 p.
1131 2760 1172 2789 44
1186 2781 1195 2799 ‚
1217 2757 1251 2789 in
1275 2756 1347 2788 fine.

281 2808 335 2853 (4)
380 2810 457 2845 716.
513 2836 667 2847 ........
697 2813 734 2846 ἐν
756 2814 919 2856 τριπλαῖς
942 2812 1135 2856 ἁμαξιτοῒς.

1244 2866 1270 2908 5
