<?xml version="1.0" encoding="UTF-8"?>
<!DOCTYPE html PUBLIC "-//W3C//DTD XHTML 1.0 Transitional//EN"
    "http://www.w3.org/TR/xhtml1/DTD/xhtml1-transitional.dtd">
<html xmlns="http://www.w3.org/1999/xhtml" xml:lang="en" lang="en">
 <head>
  <title>
</title>
<meta http-equiv="Content-Type" content="text/html;charset=utf-8" />
  <meta name='ocr-system' content='tesseract 3.04.00' />
  <meta name='ocr-capabilities' content='ocr_page ocr_carea ocr_par ocr_line ocrx_word'/>
</head>
<body>
  <div class='ocr_page' id='page_1' title='image "4737850_0033.png"; bbox 0 0 1814 3190; ppageno 0'>
   <div class='ocr_carea' id='block_1_1' title="bbox 0 0 399 114">
    <p class='ocr_par' dir='ltr' id='par_1_1' title="bbox 0 0 399 114">
     <span class='ocr_line' id='line_1_1' title="bbox 0 0 399 114; baseline 0 3076"><span class='ocrx_word' id='word_1_1' title='bbox 0 0 399 114; x_wconf 95' lang='lat' dir='ltr'><strong> </strong></span> 
     </span>
    </p>
   </div>
   <div class='ocr_carea' id='block_1_2' title="bbox 870 313 920 355">
    <p class='ocr_par' dir='ltr' id='par_1_2' title="bbox 870 313 920 355">
     <span class='ocr_line' id='line_1_2' title="bbox 870 313 920 355; baseline 0.02 -1"><span class='ocrx_word' id='word_1_2' title='bbox 870 313 920 355; x_wconf 70' lang='lat'><strong>151</strong></span> 
     </span>
    </p>
   </div>
   <div class='ocr_carea' id='block_1_3' title="bbox 244 455 1559 2109">
    <p class='ocr_par' dir='ltr' id='par_1_3' title="bbox 246 455 1559 1374">
     <span class='ocr_line' id='line_1_3' title="bbox 247 455 1558 514; baseline -0.003 -15"><span class='ocrx_word' id='word_1_3' title='bbox 247 458 423 514; x_wconf 83' lang='lat' dir='ltr'><strong>prudenti</strong></span> <span class='ocrx_word' id='word_1_4' title='bbox 453 455 732 503; x_wconf 71' lang='lat' dir='ltr'><strong>moderatione,</strong></span> <span class='ocrx_word' id='word_1_5' title='bbox 761 470 833 511; x_wconf 92' lang='lat' dir='ltr'><strong>qua</strong></span> <span class='ocrx_word' id='word_1_6' title='bbox 862 456 940 497; x_wconf 88' lang='lat' dir='ltr'><strong>sola</strong></span> <span class='ocrx_word' id='word_1_7' title='bbox 970 455 1147 496; x_wconf 82' lang='lat' dir='ltr'><strong>mortales</strong></span> <span class='ocrx_word' id='word_1_8' title='bbox 1177 462 1354 510; x_wconf 88' lang='lat' dir='ltr'><strong>perpetua</strong></span> <span class='ocrx_word' id='word_1_9' title='bbox 1382 455 1558 495; x_wconf 84' lang='lat' dir='ltr'><strong>felicitate</strong></span> 
     </span>
     <span class='ocr_line' id='line_1_4' title="bbox 248 534 1556 597; baseline -0.003 -20"><span class='ocrx_word' id='word_1_10' title='bbox 248 537 413 590; x_wconf 80' lang='lat' dir='ltr'><strong>gaudere</strong></span> <span class='ocrx_word' id='word_1_11' title='bbox 452 541 608 590; x_wconf 85' lang='lat' dir='ltr'><strong>possunt</strong></span> <span class='ocrx_word' id='word_1_12' title='bbox 626 565 636 580; x_wconf 90' lang='lat'>,</span> <span class='ocrx_word' id='word_1_13' title='bbox 678 541 780 588; x_wconf 85' lang='lat' dir='ltr'><strong>caret</strong></span> <span class='ocrx_word' id='word_1_14' title='bbox 808 535 995 575; x_wconf 84' lang='lat' dir='ltr'><strong>interdum</strong></span> <span class='ocrx_word' id='word_1_15' title='bbox 1025 535 1252 597; x_wconf 64' lang='grc' dir='ltr'>σωφροσύνῃ</span> <span class='ocrx_word' id='word_1_16' title='bbox 1269 565 1279 582; x_wconf 86' lang='lat'>,</span> <span class='ocrx_word' id='word_1_17' title='bbox 1327 547 1422 588; x_wconf 82' lang='lat' dir='ltr'><strong>quae</strong></span> <span class='ocrx_word' id='word_1_18' title='bbox 1452 534 1556 573; x_wconf 90' lang='lat' dir='ltr'><strong>nobis</strong></span> 
     </span>
     <span class='ocr_line' id='line_1_5' title="bbox 247 615 1559 669; baseline -0.002 -14"><span class='ocrx_word' id='word_1_19' title='bbox 247 624 304 659; x_wconf 81' lang='lat' dir='ltr'><strong>est</strong></span> <span class='ocrx_word' id='word_1_20' title='bbox 341 617 462 669; x_wconf 72' lang='grc' dir='ltr'><strong>ἅεγιιθὴ</strong></span> <span class='ocrx_word' id='word_1_21' title='bbox 505 615 587 654; x_wconf 75' lang='grc' dir='ltr'>θεός·</span> <span class='ocrx_word' id='word_1_22' title='bbox 633 622 672 656; x_wconf 80' lang='lat' dir='ltr'><strong>et</strong></span> <span class='ocrx_word' id='word_1_23' title='bbox 700 619 834 667; x_wconf 71' lang='grc' dir='ltr'>πολλῷ</span> <span class='ocrx_word' id='word_1_24' title='bbox 864 615 1093 665; x_wconf 68' lang='grc' dir='ltr'>εὐδαιμονίας</span> <span class='ocrx_word' id='word_1_25' title='bbox 1121 618 1273 664; x_wconf 74' lang='grc' dir='ltr'>πρῶτον</span> <span class='ocrx_word' id='word_1_26' title='bbox 1302 616 1474 664; x_wconf 79' lang='grc' dir='ltr'>ὑπάρχει.</span> <span class='ocrx_word' id='word_1_27' title='bbox 1504 639 1559 646; x_wconf 93' lang='lat'>—</span> 
     </span>
     <span class='ocr_line' id='line_1_6' title="bbox 253 692 1556 747; baseline -0.002 -12"><span class='ocrx_word' id='word_1_28' title='bbox 253 695 350 743; x_wconf 86' lang='lat' dir='ltr'><strong>Quin</strong></span> <span class='ocrx_word' id='word_1_29' title='bbox 396 695 506 735; x_wconf 84' lang='lat' dir='ltr'><strong>etiarn</strong></span> <span class='ocrx_word' id='word_1_30' title='bbox 554 695 591 734; x_wconf 91' lang='lat' dir='ltr'><strong>in</strong></span> <span class='ocrx_word' id='word_1_31' title='bbox 639 694 720 747; x_wconf 91' lang='lat' dir='ltr'><strong>ipso</strong></span> <span class='ocrx_word' id='word_1_32' title='bbox 764 698 979 741; x_wconf 89' lang='lat' dir='ltr'><strong>momento,</strong></span> <span class='ocrx_word' id='word_1_33' title='bbox 1017 705 1094 747; x_wconf 90' lang='lat' dir='ltr'><strong>quo</strong></span> <span class='ocrx_word' id='word_1_34' title='bbox 1131 692 1166 731; x_wconf 89' lang='lat' dir='ltr'><strong>ei</strong></span> <span class='ocrx_word' id='word_1_35' title='bbox 1194 705 1339 732; x_wconf 89' lang='lat' dir='ltr'><strong>summa</strong></span> <span class='ocrx_word' id='word_1_36' title='bbox 1368 705 1460 746; x_wconf 88' lang='lat' dir='ltr'><strong>opus</strong></span> <span class='ocrx_word' id='word_1_37' title='bbox 1498 699 1556 733; x_wconf 91' lang='lat' dir='ltr'><strong>est</strong></span> 
     </span>
     <span class='ocr_line' id='line_1_7' title="bbox 252 757 1556 828; baseline -0.002 -13"><span class='ocrx_word' id='word_1_38' title='bbox 252 774 476 828; x_wconf 73' lang='lat' dir='ltr'><strong>prudentia,</strong></span> <span class='ocrx_word' id='word_1_39' title='bbox 505 774 706 824; x_wconf 67' lang='grc' dir='ltr'>εὐβουλίᾳ,</span> <span class='ocrx_word' id='word_1_40' title='bbox 735 774 883 810; x_wconf 81' lang='grc' dir='ltr'>πάντων</span> <span class='ocrx_word' id='word_1_41' title='bbox 912 773 1102 821; x_wconf 75' lang='grc' dir='ltr'>κτημάτων</span> <span class='ocrx_word' id='word_1_42' title='bbox 1131 773 1326 823; x_wconf 72' lang='grc' dir='ltr'>κρατίστῳ,</span> <span class='ocrx_word' id='word_1_43' title='bbox 1359 757 1556 812; x_wconf 45' lang='lat' dir='ltr'><strong>destitutus</strong></span> 
     </span>
     <span class='ocr_line' id='line_1_8' title="bbox 247 849 1554 907; baseline -0.003 -14"><span class='ocrx_word' id='word_1_44' title='bbox 247 852 359 893; x_wconf 88' lang='lat' dir='ltr'><strong>nimia</strong></span> <span class='ocrx_word' id='word_1_45' title='bbox 404 852 535 892; x_wconf 88' lang='lat' dir='ltr'><strong>virium</strong></span> <span class='ocrx_word' id='word_1_46' title='bbox 562 849 692 891; x_wconf 85' lang='lat' dir='ltr'><strong>fiducia</strong></span> <span class='ocrx_word' id='word_1_47' title='bbox 722 850 901 906; x_wconf 77' lang='lat' dir='ltr'><strong>abripitur</strong></span> <span class='ocrx_word' id='word_1_48' title='bbox 929 851 975 891; x_wconf 92' lang='lat' dir='ltr'><strong>ad</strong></span> <span class='ocrx_word' id='word_1_49' title='bbox 1004 850 1212 905; x_wconf 84' lang='lat' dir='ltr'>superbiam</span> <span class='ocrx_word' id='word_1_50' title='bbox 1229 883 1239 901; x_wconf 91' lang='lat'><em>,</em></span> <span class='ocrx_word' id='word_1_51' title='bbox 1280 865 1374 907; x_wconf 86' lang='lat' dir='ltr'><strong>quae</strong></span> <span class='ocrx_word' id='word_1_52' title='bbox 1403 852 1554 901; x_wconf 77' lang='grc' dir='ltr'>φυτεύει</span> 
     </span>
     <span class='ocr_line' id='line_1_9' title="bbox 247 932 1554 987; baseline 0.001 -16"><span class='ocrx_word' id='word_1_53' title='bbox 247 933 430 982; x_wconf 77' lang='grc' dir='ltr'>τύραννον</span> <span class='ocrx_word' id='word_1_54' title='bbox 445 934 514 986; x_wconf 80' lang='grc'><strong>(1).</strong></span> <span class='ocrx_word' id='word_1_55' title='bbox 545 956 599 963; x_wconf 92' lang='grc'>-</span> <span class='ocrx_word' id='word_1_56' title='bbox 630 933 758 973; x_wconf 85' lang='lat' dir='ltr'><strong>Talem</strong></span> <span class='ocrx_word' id='word_1_57' title='bbox 788 939 915 973; x_wconf 87' lang='lat' dir='ltr'><strong>autem</strong></span> <span class='ocrx_word' id='word_1_58' title='bbox 945 932 1064 973; x_wconf 91' lang='lat' dir='ltr'><strong>virum</strong></span> <span class='ocrx_word' id='word_1_59' title='bbox 1095 939 1228 987; x_wconf 84' lang='lat' dir='ltr'><strong>quanta</strong></span> <span class='ocrx_word' id='word_1_60' title='bbox 1256 940 1335 973; x_wconf 85' lang='lat' dir='ltr'><strong>arte</strong></span> <span class='ocrx_word' id='word_1_61' title='bbox 1365 933 1554 973; x_wconf 83' lang='lat' dir='ltr'><strong>effinxerit</strong></span> 
     </span>
     <span class='ocr_line' id='line_1_10' title="bbox 247 1013 1547 1068; baseline -0.002 -13"><span class='ocrx_word' id='word_1_62' title='bbox 247 1017 356 1068; x_wconf 67' lang='lat' dir='ltr'><strong>poeta</strong></span> <span class='ocrx_word' id='word_1_63' title='bbox 379 1014 454 1068; x_wconf 83' lang='lat' dir='ltr'><strong>jam</strong></span> <span class='ocrx_word' id='word_1_64' title='bbox 483 1014 714 1068; x_wconf 83' lang='lat' dir='ltr'><strong>exposituri,</strong></span> <span class='ocrx_word' id='word_1_65' title='bbox 745 1014 906 1068; x_wconf 89' lang='lat' dir='ltr'><strong>primum</strong></span> <span class='ocrx_word' id='word_1_66' title='bbox 934 1013 1100 1054; x_wconf 88' lang='lat' dir='ltr'><strong>animum</strong></span> <span class='ocrx_word' id='word_1_67' title='bbox 1131 1013 1369 1054; x_wconf 86' lang='lat' dir='ltr'><strong>advertamus</strong></span> <span class='ocrx_word' id='word_1_68' title='bbox 1404 1014 1452 1053; x_wconf 89' lang='lat' dir='ltr'><strong>ad</strong></span> <span class='ocrx_word' id='word_1_69' title='bbox 1482 1026 1547 1061; x_wconf 89' lang='lat' dir='ltr'><strong>ea,</strong></span> 
     </span>
     <span class='ocr_line' id='line_1_11' title="bbox 246 1093 1553 1149; baseline 0.001 -16"><span class='ocrx_word' id='word_1_70' title='bbox 246 1093 380 1149; x_wconf 89' lang='lat' dir='ltr'><strong>quibus</strong></span> <span class='ocrx_word' id='word_1_71' title='bbox 419 1094 457 1133; x_wconf 88' lang='lat' dir='ltr'><strong>in</strong></span> <span class='ocrx_word' id='word_1_72' title='bbox 487 1095 608 1134; x_wconf 86' lang='lat' dir='ltr'><strong>media</strong></span> <span class='ocrx_word' id='word_1_73' title='bbox 639 1094 757 1135; x_wconf 83' lang='lat' dir='ltr'><strong>sabula</strong></span> <span class='ocrx_word' id='word_1_74' title='bbox 786 1094 917 1149; x_wconf 88' lang='lat' dir='ltr'><strong>positis</strong></span> <span class='ocrx_word' id='word_1_75' title='bbox 945 1094 1048 1149; x_wconf 83' lang='lat' dir='ltr'>quasi</span> <span class='ocrx_word' id='word_1_76' title='bbox 1077 1095 1219 1134; x_wconf 87' lang='lat' dir='ltr'><strong>semina</strong></span> <span class='ocrx_word' id='word_1_77' title='bbox 1249 1094 1417 1134; x_wconf 88' lang='lat' dir='ltr'><strong>omnium</strong></span> <span class='ocrx_word' id='word_1_78' title='bbox 1445 1093 1553 1135; x_wconf 83' lang='lat' dir='ltr'><strong>cala-</strong></span> 
     </span>
     <span class='ocr_line' id='line_1_12' title="bbox 254 1172 1552 1228; baseline -0.001 -14"><span class='ocrx_word' id='word_1_79' title='bbox 254 1175 425 1216; x_wconf 89' lang='lat' dir='ltr'><strong>mitatum</strong></span> <span class='ocrx_word' id='word_1_80' title='bbox 442 1175 697 1224; x_wconf 89' lang='lat' dir='ltr'><strong>continentur,</strong></span> <span class='ocrx_word' id='word_1_81' title='bbox 719 1182 759 1216; x_wconf 90' lang='lat' dir='ltr'><strong>ut</strong></span> <span class='ocrx_word' id='word_1_82' title='bbox 778 1174 913 1215; x_wconf 88' lang='lat' dir='ltr'><strong>deinde</strong></span> <span class='ocrx_word' id='word_1_83' title='bbox 933 1174 1125 1215; x_wconf 89' lang='lat' dir='ltr'><strong>videamus</strong></span> <span class='ocrx_word' id='word_1_84' title='bbox 1142 1181 1370 1228; x_wconf 85' lang='lat' dir='ltr'><strong>quantopere</strong></span> <span class='ocrx_word' id='word_1_85' title='bbox 1390 1172 1552 1226; x_wconf 84' lang='lat' dir='ltr'><strong>Oedipus</strong></span> 
     </span>
     <span class='ocr_line' id='line_1_13' title="bbox 250 1253 1551 1309; baseline -0.001 -15"><span class='ocrx_word' id='word_1_86' title='bbox 250 1254 288 1295; x_wconf 93' lang='lat' dir='ltr'><strong>in</strong></span> <span class='ocrx_word' id='word_1_87' title='bbox 328 1255 405 1309; x_wconf 86' lang='lat' dir='ltr'><strong>ipsa</strong></span> <span class='ocrx_word' id='word_1_88' title='bbox 444 1255 613 1304; x_wconf 88' lang='lat' dir='ltr'><strong>actione,</strong></span> <span class='ocrx_word' id='word_1_89' title='bbox 653 1255 690 1296; x_wconf 94' lang='lat' dir='ltr'><strong>in</strong></span> <span class='ocrx_word' id='word_1_90' title='bbox 735 1268 806 1309; x_wconf 81' lang='lat' dir='ltr'><strong>qua</strong></span> <span class='ocrx_word' id='word_1_91' title='bbox 852 1267 939 1295; x_wconf 88' lang='lat' dir='ltr'><strong>eum</strong></span> <span class='ocrx_word' id='word_1_92' title='bbox 984 1253 1154 1295; x_wconf 79' lang='lat' dir='ltr'><strong>admirati</strong></span> <span class='ocrx_word' id='word_1_93' title='bbox 1182 1268 1312 1294; x_wconf 85' lang='lat' dir='ltr'><strong>sumus</strong></span> <span class='ocrx_word' id='word_1_94' title='bbox 1333 1285 1343 1303; x_wconf 90' lang='lat'><em>,</em></span> <span class='ocrx_word' id='word_1_95' title='bbox 1392 1267 1502 1307; x_wconf 83' lang='lat' dir='ltr'>saepe</span> <span class='ocrx_word' id='word_1_96' title='bbox 1531 1268 1551 1294; x_wconf 87' lang='lat' dir='ltr'><strong>a</strong></span> 
     </span>
     <span class='ocr_line' id='line_1_14' title="bbox 250 1333 603 1374; baseline 0 -1"><span class='ocrx_word' id='word_1_97' title='bbox 250 1346 341 1374; x_wconf 90' lang='lat' dir='ltr'><strong>vero</strong></span> <span class='ocrx_word' id='word_1_98' title='bbox 370 1333 603 1373; x_wconf 88' lang='lat' dir='ltr'><strong>aberraverit.</strong></span> 
     </span>
    </p>

    <p class='ocr_par' dir='ltr' id='par_1_4' title="bbox 244 1412 1551 2109">
     <span class='ocr_line' id='line_1_15' title="bbox 300 1412 1549 1468; baseline 0 -15"><span class='ocrx_word' id='word_1_99' title='bbox 300 1412 380 1453; x_wconf 88' lang='lat' dir='ltr'><strong>Jam</strong></span> <span class='ocrx_word' id='word_1_100' title='bbox 422 1413 560 1454; x_wconf 83' lang='lat' dir='ltr'><strong>multos</strong></span> <span class='ocrx_word' id='word_1_101' title='bbox 598 1426 714 1453; x_wconf 89' lang='lat' dir='ltr'><strong>annos</strong></span> <span class='ocrx_word' id='word_1_102' title='bbox 743 1412 908 1467; x_wconf 84' lang='lat' dir='ltr'><strong>Oedipus</strong></span> <span class='ocrx_word' id='word_1_103' title='bbox 936 1414 973 1453; x_wconf 93' lang='lat' dir='ltr'><strong>in</strong></span> <span class='ocrx_word' id='word_1_104' title='bbox 1002 1413 1084 1454; x_wconf 82' lang='lat' dir='ltr'><strong>aula</strong></span> <span class='ocrx_word' id='word_1_105' title='bbox 1114 1413 1233 1467; x_wconf 82' lang='lat' dir='ltr'><strong>regis,</strong></span> <span class='ocrx_word' id='word_1_106' title='bbox 1263 1426 1375 1468; x_wconf 90' lang='lat' dir='ltr'><strong>quem</strong></span> <span class='ocrx_word' id='word_1_107' title='bbox 1405 1419 1549 1468; x_wconf 87' lang='lat' dir='ltr'><strong>patrem</strong></span> 
     </span>
     <span class='ocr_line' id='line_1_16' title="bbox 246 1490 1549 1547; baseline -0.002 -14"><span class='ocrx_word' id='word_1_108' title='bbox 246 1493 397 1546; x_wconf 88' lang='lat' dir='ltr'><strong>putabat</strong></span> <span class='ocrx_word' id='word_1_109' title='bbox 436 1493 580 1534; x_wconf 88' lang='lat' dir='ltr'><strong>honore</strong></span> <span class='ocrx_word' id='word_1_110' title='bbox 619 1499 659 1534; x_wconf 89' lang='lat' dir='ltr'><strong>et</strong></span> <span class='ocrx_word' id='word_1_111' title='bbox 700 1493 881 1547; x_wconf 78' lang='lat' dir='ltr'><strong>dignitate</strong></span> <span class='ocrx_word' id='word_1_112' title='bbox 918 1499 1048 1533; x_wconf 87' lang='lat' dir='ltr'><strong>auctus</strong></span> <span class='ocrx_word' id='word_1_113' title='bbox 1070 1490 1124 1545; x_wconf 74' lang='lat'><strong>(2)</strong></span> <span class='ocrx_word' id='word_1_114' title='bbox 1154 1492 1321 1539; x_wconf 86' lang='lat' dir='ltr'><strong>vixerat,</strong></span> <span class='ocrx_word' id='word_1_115' title='bbox 1365 1505 1481 1547; x_wconf 90' lang='lat' dir='ltr'><strong>quum</strong></span> <span class='ocrx_word' id='word_1_116' title='bbox 1511 1492 1549 1531; x_wconf 88' lang='lat' dir='ltr'><strong>in</strong></span> 
     </span>
     <span class='ocr_line' id='line_1_17' title="bbox 245 1572 1548 1627; baseline 0 -15"><span class='ocrx_word' id='word_1_117' title='bbox 245 1573 416 1612; x_wconf 87' lang='lat' dir='ltr'><strong>convivio</strong></span> <span class='ocrx_word' id='word_1_118' title='bbox 453 1573 581 1627; x_wconf 89' lang='lat' dir='ltr'><strong>aliquis</strong></span> <span class='ocrx_word' id='word_1_119' title='bbox 619 1573 791 1613; x_wconf 85' lang='lat' dir='ltr'><strong>acerbum</strong></span> <span class='ocrx_word' id='word_1_120' title='bbox 832 1574 923 1613; x_wconf 89' lang='lat' dir='ltr'><strong>illud</strong></span> <span class='ocrx_word' id='word_1_121' title='bbox 964 1573 1100 1613; x_wconf 88' lang='lat' dir='ltr'><strong>dictum</strong></span> <span class='ocrx_word' id='word_1_122' title='bbox 1144 1573 1307 1621; x_wconf 86' lang='lat' dir='ltr'><strong>emittit,</strong></span> <span class='ocrx_word' id='word_1_123' title='bbox 1360 1572 1548 1613; x_wconf 88' lang='lat' dir='ltr'><strong>subditum</strong></span> 
     </span>
     <span class='ocr_line' id='line_1_18' title="bbox 245 1651 1548 1707; baseline 0.001 -16"><span class='ocrx_word' id='word_1_124' title='bbox 245 1664 329 1692; x_wconf 87' lang='lat' dir='ltr'><strong>esse</strong></span> <span class='ocrx_word' id='word_1_125' title='bbox 366 1651 574 1707; x_wconf 85' lang='lat' dir='ltr'><strong>Oedipum.</strong></span> <span class='ocrx_word' id='word_1_126' title='bbox 619 1658 657 1693; x_wconf 91' lang='lat' dir='ltr'><strong>et</strong></span> <span class='ocrx_word' id='word_1_127' title='bbox 693 1661 798 1707; x_wconf 87' lang='lat' dir='ltr'><strong>patre</strong></span> <span class='ocrx_word' id='word_1_128' title='bbox 838 1653 926 1693; x_wconf 87' lang='lat' dir='ltr'><strong>ficto</strong></span> <span class='ocrx_word' id='word_1_129' title='bbox 966 1652 1115 1707; x_wconf 82' lang='lat' dir='ltr'><strong>gloriari</strong></span> <span class='ocrx_word' id='word_1_130' title='bbox 1135 1651 1202 1706; x_wconf 80' lang='lat'><strong>(5).</strong></span> <span class='ocrx_word' id='word_1_131' title='bbox 1261 1652 1368 1700; x_wconf 85' lang='lat' dir='ltr'><strong>Quod</strong></span> <span class='ocrx_word' id='word_1_132' title='bbox 1407 1652 1548 1693; x_wconf 86' lang='lat' dir='ltr'><strong>dictum</strong></span> 
     </span>
     <span class='ocr_line' id='line_1_19' title="bbox 245 1731 1551 1787; baseline 0 -15"><span class='ocrx_word' id='word_1_133' title='bbox 245 1738 419 1786; x_wconf 83' lang='lat' dir='ltr'><strong>quantam</strong></span> <span class='ocrx_word' id='word_1_134' title='bbox 459 1732 749 1773; x_wconf 86' lang='lat' dir='ltr'><strong>sollicitudinem</strong></span> <span class='ocrx_word' id='word_1_135' title='bbox 778 1732 922 1787; x_wconf 90' lang='lat' dir='ltr'><strong>Oedipo</strong></span> <span class='ocrx_word' id='word_1_136' title='bbox 951 1732 1118 1786; x_wconf 85' lang='lat' dir='ltr'><strong>injecerit</strong></span> <span class='ocrx_word' id='word_1_137' title='bbox 1147 1733 1225 1787; x_wconf 89' lang='lat' dir='ltr'><strong>ipse</strong></span> <span class='ocrx_word' id='word_1_138' title='bbox 1255 1731 1425 1773; x_wconf 80' lang='lat' dir='ltr'><strong>declarat.</strong></span> <span class='ocrx_word' id='word_1_139' title='bbox 1483 1731 1551 1772; x_wconf 90' lang='lat' dir='ltr'><strong>Vix</strong></span> 
     </span>
     <span class='ocr_line' id='line_1_20' title="bbox 244 1813 1548 1867; baseline 0.001 -15"><span class='ocrx_word' id='word_1_140' title='bbox 244 1813 346 1853; x_wconf 86' lang='lat' dir='ltr'><strong>enim</strong></span> <span class='ocrx_word' id='word_1_141' title='bbox 386 1826 427 1853; x_wconf 93' lang='lat' dir='ltr'><strong>se</strong></span> <span class='ocrx_word' id='word_1_142' title='bbox 469 1813 676 1861; x_wconf 79' lang='lat' dir='ltr'><strong>continuit,</strong></span> <span class='ocrx_word' id='word_1_143' title='bbox 718 1814 807 1867; x_wconf 89' lang='lat' dir='ltr'><strong>quin</strong></span> <span class='ocrx_word' id='word_1_144' title='bbox 837 1813 908 1853; x_wconf 89' lang='lat' dir='ltr'><strong>hoc</strong></span> <span class='ocrx_word' id='word_1_145' title='bbox 936 1814 1016 1866; x_wconf 90' lang='lat' dir='ltr'><strong>ipso</strong></span> <span class='ocrx_word' id='word_1_146' title='bbox 1045 1813 1106 1853; x_wconf 91' lang='lat' dir='ltr'><strong>die</strong></span> <span class='ocrx_word' id='word_1_147' title='bbox 1135 1813 1259 1852; x_wconf 89' lang='lat' dir='ltr'><strong>omnia</strong></span> <span class='ocrx_word' id='word_1_148' title='bbox 1288 1813 1548 1865; x_wconf 80' lang='lat' dir='ltr'><strong>investigaret,</strong></span> 
     </span>
     <span class='ocr_line' id='line_1_21' title="bbox 244 1891 1548 1948; baseline 0.002 -17"><span class='ocrx_word' id='word_1_149' title='bbox 244 1897 398 1945; x_wconf 90' lang='lat' dir='ltr'><strong>postero</strong></span> <span class='ocrx_word' id='word_1_150' title='bbox 428 1891 487 1932; x_wconf 86' lang='lat' dir='ltr'><strong>die</strong></span> <span class='ocrx_word' id='word_1_151' title='bbox 511 1892 688 1932; x_wconf 85' lang='lat' dir='ltr'><strong>continuo</strong></span> <span class='ocrx_word' id='word_1_152' title='bbox 708 1899 882 1946; x_wconf 87' lang='lat' dir='ltr'><strong>parentes</strong></span> <span class='ocrx_word' id='word_1_153' title='bbox 899 1893 1075 1933; x_wconf 86' lang='lat' dir='ltr'><strong>convenit</strong></span> <span class='ocrx_word' id='word_1_154' title='bbox 1096 1905 1235 1946; x_wconf 87' lang='lat' dir='ltr'><strong>eosque</strong></span> <span class='ocrx_word' id='word_1_155' title='bbox 1256 1893 1460 1945; x_wconf 81' lang='lat' dir='ltr'><strong>interrogat</strong></span> <span class='ocrx_word' id='word_1_156' title='bbox 1480 1893 1548 1948; x_wconf 77' lang='lat'>(4).</span> 
     </span>
     <span class='ocr_line' id='line_1_22' title="bbox 244 1972 1550 2029; baseline 0.001 -17"><span class='ocrx_word' id='word_1_157' title='bbox 244 1972 331 2013; x_wconf 87' lang='lat' dir='ltr'><strong>Non</strong></span> <span class='ocrx_word' id='word_1_158' title='bbox 361 1979 529 2025; x_wconf 80' lang='lat' dir='ltr'><strong>negant,</strong></span> <span class='ocrx_word' id='word_1_159' title='bbox 569 1986 645 2012; x_wconf 91' lang='lat' dir='ltr'><strong>non</strong></span> <span class='ocrx_word' id='word_1_160' title='bbox 674 1974 878 2021; x_wconf 88' lang='lat' dir='ltr'><strong>affirmant,</strong></span> <span class='ocrx_word' id='word_1_161' title='bbox 923 1974 1166 2029; x_wconf 84' lang='lat' dir='ltr'><strong>indignantur</strong></span> <span class='ocrx_word' id='word_1_162' title='bbox 1196 1973 1334 2021; x_wconf 87' lang='lat' dir='ltr'><strong>modo,</strong></span> <span class='ocrx_word' id='word_1_163' title='bbox 1361 1973 1461 2027; x_wconf 93' lang='lat' dir='ltr'><strong>quod</strong></span> <span class='ocrx_word' id='word_1_164' title='bbox 1494 1976 1550 2013; x_wconf 90' lang='lat' dir='ltr'><strong>vir</strong></span> 
     </span>
     <span class='ocr_line' id='line_1_23' title="bbox 244 2052 1551 2109; baseline 0.001 -16"><span class='ocrx_word' id='word_1_165' title='bbox 244 2053 373 2095; x_wconf 88' lang='lat' dir='ltr'><strong>ebrius</strong></span> <span class='ocrx_word' id='word_1_166' title='bbox 401 2052 494 2094; x_wconf 89' lang='lat' dir='ltr'><strong>tales</strong></span> <span class='ocrx_word' id='word_1_167' title='bbox 523 2054 655 2108; x_wconf 87' lang='lat' dir='ltr'><strong>sparsit</strong></span> <span class='ocrx_word' id='word_1_168' title='bbox 672 2066 842 2095; x_wconf 87' lang='lat' dir='ltr'><strong>rumores</strong></span> <span class='ocrx_word' id='word_1_169' title='bbox 861 2053 929 2109; x_wconf 79' lang='grc'><strong>(5).</strong></span> <span class='ocrx_word' id='word_1_170' title='bbox 967 2053 1093 2109; x_wconf 89' lang='lat' dir='ltr'><strong>Itaque</strong></span> <span class='ocrx_word' id='word_1_171' title='bbox 1114 2067 1190 2094; x_wconf 90' lang='lat' dir='ltr'><strong>non</strong></span> <span class='ocrx_word' id='word_1_172' title='bbox 1214 2053 1413 2109; x_wconf 80' lang='lat' dir='ltr'><strong>acquiescit</strong></span> <span class='ocrx_word' id='word_1_173' title='bbox 1432 2052 1551 2095; x_wconf 89' lang='lat' dir='ltr'><strong>Oedi-</strong></span> 
     </span>
    </p>
   </div>
   <div class='ocr_carea' id='block_1_4' title="bbox 245 2154 417 2163">
    <p class='ocr_par' dir='ltr' id='par_1_5' title="bbox 245 2154 417 2163">
     <span class='ocr_line' id='line_1_24' title="bbox 245 2154 417 2163; baseline -0.006 0"><span class='ocrx_word' id='word_1_174' title='bbox 245 2154 417 2163; x_wconf 80' lang='lat'><strong>——</strong></span> 
     </span>
    </p>
   </div>
   <div class='ocr_carea' id='block_1_5' title="bbox 234 2209 1548 2753">
    <p class='ocr_par' dir='ltr' id='par_1_6' title="bbox 243 2209 1547 2420">
     <span class='ocr_line' id='line_1_25' title="bbox 287 2209 1546 2255; baseline -0.001 -13"><span class='ocrx_word' id='word_1_175' title='bbox 287 2209 339 2252; x_wconf 93' lang='lat'><strong>(1)</strong></span> <span class='ocrx_word' id='word_1_176' title='bbox 382 2209 473 2243; x_wconf 71' lang='lat' dir='ltr'><strong>Conf-</strong></span> <span class='ocrx_word' id='word_1_177' title='bbox 506 2213 662 2251; x_wconf 61' lang='lat' dir='ltr'><strong>Lfinxmz,</strong></span> <span class='ocrx_word' id='word_1_178' title='bbox 695 2211 748 2255; x_wconf 62' lang='lat' dir='ltr'><strong>dtje</strong></span> <span class='ocrx_word' id='word_1_179' title='bbox 776 2211 871 2251; x_wconf 68' lang='lat' dir='ltr'><strong>soph.</strong></span> <span class='ocrx_word' id='word_1_180' title='bbox 910 2211 1012 2244; x_wconf 70' lang='lat' dir='ltr'><strong>mooe.</strong></span> <span class='ocrx_word' id='word_1_181' title='bbox 1035 2221 1067 2244; x_wconf 85' lang='lat' dir='ltr'><strong>u.</strong></span> <span class='ocrx_word' id='word_1_182' title='bbox 1091 2210 1190 2252; x_wconf 64' lang='lat' dir='ltr'><strong>Em,</strong></span> <span class='ocrx_word' id='word_1_183' title='bbox 1223 2209 1269 2251; x_wconf 81' lang='lat'><strong>11,</strong></span> <span class='ocrx_word' id='word_1_184' title='bbox 1302 2221 1333 2253; x_wconf 92' lang='lat' dir='ltr'><strong>p.</strong></span> <span class='ocrx_word' id='word_1_185' title='bbox 1358 2212 1420 2251; x_wconf 85' lang='lat'><strong>69,</strong></span> <span class='ocrx_word' id='word_1_186' title='bbox 1455 2211 1546 2242; x_wconf 67' lang='lat' dir='ltr'><strong>Beim</strong></span> 
     </span>
     <span class='ocr_line' id='line_1_26' title="bbox 246 2265 1547 2307; baseline -0.001 -10"><span class='ocrx_word' id='word_1_187' title='bbox 246 2266 379 2305; x_wconf 67' lang='lat' dir='ltr'><strong>Oidajmoe</strong></span> <span class='ocrx_word' id='word_1_188' title='bbox 406 2267 450 2298; x_wconf 73' lang='lat' dir='ltr'><strong>ist</strong></span> <span class='ocrx_word' id='word_1_189' title='bbox 471 2267 522 2297; x_wconf 69' lang='lat' dir='ltr'><strong>dio</strong></span> <span class='ocrx_word' id='word_1_190' title='bbox 542 2265 610 2306; x_wconf 82' lang='grc' dir='ltr'><strong>ἄτη</strong></span> <span class='ocrx_word' id='word_1_191' title='bbox 640 2268 675 2298; x_wconf 77' lang='lat' dir='ltr'><strong>in</strong></span> <span class='ocrx_word' id='word_1_192' title='bbox 700 2268 768 2298; x_wconf 71' lang='lat' dir='ltr'><strong>dem</strong></span> <span class='ocrx_word' id='word_1_193' title='bbox 796 2271 898 2298; x_wconf 69' lang='lat' dir='ltr'><strong>ersten</strong></span> <span class='ocrx_word' id='word_1_194' title='bbox 923 2267 1065 2307; x_wconf 70' lang='lat' dir='ltr'><strong>Beqinne</strong></span> <span class='ocrx_word' id='word_1_195' title='bbox 1083 2268 1187 2298; x_wconf 68' lang='grc' dir='ltr'><strong>σαίνων</strong></span> <span class='ocrx_word' id='word_1_196' title='bbox 1208 2266 1396 2298; x_wconf 75' lang='lat' dir='ltr'><strong>wunderbar</strong></span> <span class='ocrx_word' id='word_1_197' title='bbox 1416 2267 1547 2297; x_wconf 73' lang='lat' dir='ltr'><strong>vermic-</strong></span> 
     </span>
     <span class='ocr_line' id='line_1_27' title="bbox 243 2321 1547 2365; baseline 0.001 -12"><span class='ocrx_word' id='word_1_198' title='bbox 243 2321 345 2353; x_wconf 68' lang='lat' dir='ltr'><strong>holten</strong></span> <span class='ocrx_word' id='word_1_199' title='bbox 376 2322 445 2354; x_wconf 75' lang='lat' dir='ltr'><strong>und</strong></span> <span class='ocrx_word' id='word_1_200' title='bbox 473 2322 677 2364; x_wconf 74' lang='lat' dir='ltr'><strong>verborqenen</strong></span> <span class='ocrx_word' id='word_1_201' title='bbox 699 2322 819 2355; x_wconf 75' lang='lat' dir='ltr'><strong>Schuld</strong></span> <span class='ocrx_word' id='word_1_202' title='bbox 837 2322 1096 2365; x_wconf 75' lang='lat' dir='ltr'><strong>unverkonnbar,</strong></span> <span class='ocrx_word' id='word_1_203' title='bbox 1128 2331 1218 2354; x_wconf 79' lang='lat' dir='ltr'><strong>wenn</strong></span> <span class='ocrx_word' id='word_1_204' title='bbox 1240 2323 1285 2354; x_wconf 73' lang='lat' dir='ltr'><strong>aie</strong></span> <span class='ocrx_word' id='word_1_205' title='bbox 1312 2321 1379 2354; x_wconf 72' lang='lat' dir='ltr'><strong>sich</strong></span> <span class='ocrx_word' id='word_1_206' title='bbox 1400 2322 1480 2354; x_wconf 70' lang='lat' dir='ltr'><strong>auch</strong></span> <span class='ocrx_word' id='word_1_207' title='bbox 1503 2323 1547 2354; x_wconf 78' lang='lat' dir='ltr'><strong>im</strong></span> 
     </span>
     <span class='ocr_line' id='line_1_28' title="bbox 243 2376 1072 2420; baseline 0.002 -12"><span class='ocrx_word' id='word_1_208' title='bbox 243 2376 421 2418; x_wconf 62' lang='lat' dir='ltr'><strong>For-tyanae</strong></span> <span class='ocrx_word' id='word_1_209' title='bbox 441 2378 494 2409; x_wconf 73' lang='lat' dir='ltr'><strong>hie</strong></span> <span class='ocrx_word' id='word_1_210' title='bbox 514 2379 583 2409; x_wconf 78' lang='lat' dir='ltr'><strong>und</strong></span> <span class='ocrx_word' id='word_1_211' title='bbox 602 2378 643 2408; x_wconf 82' lang='lat' dir='ltr'><strong>da</strong></span> <span class='ocrx_word' id='word_1_212' title='bbox 665 2378 713 2409; x_wconf 70' lang='lat' dir='ltr'><strong>bis</strong></span> <span class='ocrx_word' id='word_1_213' title='bbox 733 2388 790 2410; x_wconf 78' lang='lat' dir='ltr'><strong>zur</strong></span> <span class='ocrx_word' id='word_1_214' title='bbox 812 2377 913 2420; x_wconf 75' lang='grc' dir='ltr'>ὕβρις</span> <span class='ocrx_word' id='word_1_215' title='bbox 934 2379 1072 2418; x_wconf 74' lang='lat' dir='ltr'><strong>ateiqert.</strong></span> 
     </span>
    </p>

    <p class='ocr_par' dir='ltr' id='par_1_7' title="bbox 285 2429 922 2476">
     <span class='ocr_line' id='line_1_29' title="bbox 285 2429 922 2476; baseline 0.002 -12"><span class='ocrx_word' id='word_1_216' title='bbox 285 2429 337 2474; x_wconf 86' lang='lat'><strong>(2)</strong></span> <span class='ocrx_word' id='word_1_217' title='bbox 379 2430 454 2465; x_wconf 80' lang='lat'>7⁷5.</span> <span class='ocrx_word' id='word_1_218' title='bbox 498 2431 589 2474; x_wconf 77' lang='grc' dir='ltr'>ἀνὴρ</span> <span class='ocrx_word' id='word_1_219' title='bbox 612 2431 730 2465; x_wconf 79' lang='grc' dir='ltr'>ἀστῶν</span> <span class='ocrx_word' id='word_1_220' title='bbox 751 2432 922 2476; x_wconf 74' lang='grc' dir='ltr'>μέγιστος.</span> 
     </span>
    </p>

    <p class='ocr_par' dir='ltr' id='par_1_8' title="bbox 234 2486 1548 2753">
     <span class='ocr_line' id='line_1_30' title="bbox 285 2486 1548 2530; baseline 0.001 -11"><span class='ocrx_word' id='word_1_221' title='bbox 285 2486 336 2529; x_wconf 85' lang='grc'><strong>(3)</strong></span> <span class='ocrx_word' id='word_1_222' title='bbox 380 2488 455 2522; x_wconf 84' lang='grc'><strong>780.</strong></span> <span class='ocrx_word' id='word_1_223' title='bbox 499 2488 590 2522; x_wconf 84' lang='lat' dir='ltr'><strong>Conf.</strong></span> <span class='ocrx_word' id='word_1_224' title='bbox 621 2499 745 2522; x_wconf 69' lang='lat' dir='ltr'><strong>Tuon.</strong></span> <span class='ocrx_word' id='word_1_225' title='bbox 769 2499 885 2530; x_wconf 75' lang='lat' dir='ltr'><strong>xoex,</strong></span> <span class='ocrx_word' id='word_1_226' title='bbox 917 2489 1155 2529; x_wconf 70' lang='lat' dir='ltr'><strong>Sophokleische</strong></span> <span class='ocrx_word' id='word_1_227' title='bbox 1177 2488 1332 2529; x_wconf 76' lang='lat' dir='ltr'><strong>Studien,</strong></span> <span class='ocrx_word' id='word_1_228' title='bbox 1354 2498 1386 2530; x_wconf 66' lang='lat' dir='ltr'><strong>p⁴</strong></span> <span class='ocrx_word' id='word_1_229' title='bbox 1412 2488 1473 2520; x_wconf 82' lang='lat'><strong>53:</strong></span> <span class='ocrx_word' id='word_1_230' title='bbox 1508 2488 1548 2520; x_wconf 84' lang='lat' dir='ltr'><strong>Je</strong></span> 
     </span>
     <span class='ocr_line' id='line_1_31' title="bbox 236 2543 1547 2583; baseline 0.001 -10"><span class='ocrx_word' id='word_1_231' title='bbox 236 2543 358 2575; x_wconf 65' lang='lat' dir='ltr'><strong>aiom-er</strong></span> <span class='ocrx_word' id='word_1_232' title='bbox 389 2553 424 2574; x_wconf 81' lang='lat' dir='ltr'><strong>er</strong></span> <span class='ocrx_word' id='word_1_233' title='bbox 456 2543 504 2574; x_wconf 71' lang='lat' dir='ltr'><strong>bie</strong></span> <span class='ocrx_word' id='word_1_234' title='bbox 536 2544 635 2575; x_wconf 68' lang='lat' dir='ltr'><strong>dultin</strong></span> <span class='ocrx_word' id='word_1_235' title='bbox 657 2546 693 2576; x_wconf 66' lang='lat' dir='ltr'><strong>in</strong></span> <span class='ocrx_word' id='word_1_236' title='bbox 716 2545 784 2576; x_wconf 80' lang='lat' dir='ltr'><strong>dem</strong></span> <span class='ocrx_word' id='word_1_237' title='bbox 808 2545 950 2576; x_wconf 75' lang='lat' dir='ltr'><strong>Glaubm</strong></span> <span class='ocrx_word' id='word_1_238' title='bbox 972 2555 1014 2575; x_wconf 82' lang='lat' dir='ltr'><strong>an</strong></span> <span class='ocrx_word' id='word_1_239' title='bbox 1036 2546 1120 2576; x_wconf 72' lang='lat' dir='ltr'><strong>scine</strong></span> <span class='ocrx_word' id='word_1_240' title='bbox 1141 2545 1257 2575; x_wconf 78' lang='lat' dir='ltr'><strong>Eltern</strong></span> <span class='ocrx_word' id='word_1_241' title='bbox 1276 2553 1429 2583; x_wconf 72' lang='lat' dir='ltr'><em>qmmm,</em></span> <span class='ocrx_word' id='word_1_242' title='bbox 1463 2544 1547 2574; x_wconf 67' lang='lat' dir='ltr'><strong>desto</strong></span> 
     </span>
     <span class='ocr_line' id='line_1_32' title="bbox 235 2599 1546 2642; baseline 0.002 -14"><span class='ocrx_word' id='word_1_243' title='bbox 235 2599 361 2638; x_wconf 53' lang='lat' dir='ltr'><strong>,qr-buev-</strong></span> <span class='ocrx_word' id='word_1_244' title='bbox 388 2599 432 2631; x_wconf 62' lang='grc' dir='ltr'><strong>δεῖ</strong></span> <span class='ocrx_word' id='word_1_245' title='bbox 453 2599 508 2630; x_wconf 80' lang='lat' dir='ltr'><strong>der</strong></span> <span class='ocrx_word' id='word_1_246' title='bbox 529 2599 697 2632; x_wconf 76' lang='lat' dir='ltr'><strong>Eindruck</strong></span> <span class='ocrx_word' id='word_1_247' title='bbox 711 2626 719 2642; x_wconf 84' lang='lat'>‚</span> <span class='ocrx_word' id='word_1_248' title='bbox 753 2602 812 2632; x_wconf 79' lang='lat' dir='ltr'><strong>dm</strong></span> <span class='ocrx_word' id='word_1_249' title='bbox 833 2602 915 2633; x_wconf 72' lang='lat' dir='ltr'><strong>dicae</strong></span> <span class='ocrx_word' id='word_1_250' title='bbox 937 2601 1150 2642; x_wconf 66' lang='lat' dir='ltr'><strong>Benauptunq</strong></span> <span class='ocrx_word' id='word_1_251' title='bbox 1171 2601 1206 2632; x_wconf 75' lang='lat' dir='ltr'><strong>in</strong></span> <span class='ocrx_word' id='word_1_252' title='bbox 1227 2602 1341 2633; x_wconf 75' lang='lat' dir='ltr'><strong>seinem</strong></span> <span class='ocrx_word' id='word_1_253' title='bbox 1364 2601 1459 2632; x_wconf 70' lang='lat' dir='ltr'><strong>leicht</strong></span> <span class='ocrx_word' id='word_1_254' title='bbox 1480 2604 1546 2632; x_wconf 81' lang='lat' dir='ltr'><strong>ont-</strong></span> 
     </span>
     <span class='ocr_line' id='line_1_33' title="bbox 234 2653 1545 2698; baseline 0.002 -14"><span class='ocrx_word' id='word_1_255' title='bbox 234 2653 413 2685; x_wconf 71' lang='lat' dir='ltr'><strong>ziindbarm</strong></span> <span class='ocrx_word' id='word_1_256' title='bbox 437 2655 542 2687; x_wconf 73' lang='lat' dir='ltr'><strong>Geieto</strong></span> <span class='ocrx_word' id='word_1_257' title='bbox 562 2657 688 2695; x_wconf 73' lang='lat' dir='ltr'><strong>macht,</strong></span> <span class='ocrx_word' id='word_1_258' title='bbox 710 2658 814 2689; x_wconf 77' lang='lat' dir='ltr'><strong>zumal</strong></span> <span class='ocrx_word' id='word_1_259' title='bbox 834 2659 901 2698; x_wconf 71' lang='lat' dir='ltr'><strong>eie,</strong></span> <span class='ocrx_word' id='word_1_260' title='bbox 926 2659 970 2689; x_wconf 72' lang='lat' dir='ltr'><strong>im</strong></span> <span class='ocrx_word' id='word_1_261' title='bbox 984 2656 1128 2689; x_wconf 72' lang='lat' dir='ltr'><strong>Baueche</strong></span> <span class='ocrx_word' id='word_1_262' title='bbox 1142 2657 1386 2696; x_wconf 65' lang='lat' dir='ltr'><strong>auoqeaprochm</strong></span> <span class='ocrx_word' id='word_1_263' title='bbox 1398 2679 1406 2695; x_wconf 97' lang='lat'>,</span> <span class='ocrx_word' id='word_1_264' title='bbox 1431 2657 1480 2687; x_wconf 75' lang='lat' dir='ltr'><strong>als</strong></span> <span class='ocrx_word' id='word_1_265' title='bbox 1494 2657 1545 2687; x_wconf 78' lang='lat' dir='ltr'><strong>ein</strong></span> 
     </span>
     <span class='ocr_line' id='line_1_34' title="bbox 236 2710 1545 2753; baseline 0.003 -13"><span class='ocrx_word' id='word_1_266' title='bbox 236 2710 328 2751; x_wconf 68' lang='lat' dir='ltr'><strong>lanqe</strong></span> <span class='ocrx_word' id='word_1_267' title='bbox 358 2710 616 2752; x_wconf 68' lang='lat' dir='ltr'><strong>vorschwieqm</strong></span> <span class='ocrx_word' id='word_1_268' title='bbox 628 2735 637 2752; x_wconf 92' lang='lat'>,</span> <span class='ocrx_word' id='word_1_269' title='bbox 673 2713 707 2744; x_wconf 77' lang='lat' dir='ltr'><strong>in</strong></span> <span class='ocrx_word' id='word_1_270' title='bbox 729 2713 828 2746; x_wconf 67' lang='lat' dir='ltr'><strong>tinem</strong></span> <span class='ocrx_word' id='word_1_271' title='bbox 849 2712 1068 2746; x_wconf 76' lang='lat' dir='ltr'><strong>wnbewaohtm</strong></span> <span class='ocrx_word' id='word_1_272' title='bbox 1089 2711 1305 2753; x_wconf 75' lang='lat' dir='ltr'><strong>Auqenblioke</strong></span> <span class='ocrx_word' id='word_1_273' title='bbox 1325 2711 1545 2752; x_wconf 72' lang='lat' dir='ltr'><strong>qeoffenbartee</strong></span> 
     </span>
    </p>
   </div>
   <div class='ocr_carea' id='block_1_6' title="bbox 179 2765 919 2811">
    <p class='ocr_par' dir='ltr' id='par_1_9' title="bbox 179 2765 919 2811">
     <span class='ocr_line' id='line_1_35' title="bbox 179 2765 919 2811; baseline 0.004 -14"><span class='ocrx_word' id='word_1_274' title='bbox 179 2775 185 2778; x_wconf 70' lang='grc'><strong><em>’</em></strong></span> <span class='ocrx_word' id='word_1_275' title='bbox 238 2765 436 2798; x_wconf 60' lang='lat' dir='ltr'><strong>&amp;enacmin</strong></span> <span class='ocrx_word' id='word_1_276' title='bbox 457 2767 628 2807; x_wconf 74' lang='lat' dir='ltr'><strong>oenqeedum</strong></span> <span class='ocrx_word' id='word_1_277' title='bbox 650 2768 774 2811; x_wconf 74' lang='lat' dir='ltr'><strong>werden</strong></span> <span class='ocrx_word' id='word_1_278' title='bbox 796 2768 919 2800; x_wconf 62' lang='lat' dir='ltr'><strong>karante.</strong></span> 
     </span>
    </p>
   </div>
   <div class='ocr_carea' id='block_1_7' title="bbox 280 2818 1286 2919">
    <p class='ocr_par' dir='ltr' id='par_1_10' title="bbox 280 2818 1286 2919">
     <span class='ocr_line' id='line_1_36' title="bbox 283 2818 560 2862; baseline 0.011 -12"><span class='ocrx_word' id='word_1_279' title='bbox 283 2818 333 2862; x_wconf 80' lang='lat'><strong>(4)</strong></span> <span class='ocrx_word' id='word_1_280' title='bbox 377 2819 464 2861; x_wconf 81' lang='lat'><strong>782,</strong></span> <span class='ocrx_word' id='word_1_281' title='bbox 486 2819 560 2854; x_wconf 77' lang='lat'><strong>783.</strong></span> 
     </span>
     <span class='ocr_line' id='line_1_37' title="bbox 280 2873 1286 2919; baseline 0.002 -11"><span class='ocrx_word' id='word_1_282' title='bbox 280 2873 333 2919; x_wconf 83' lang='lat'><strong>(5)</strong></span> <span class='ocrx_word' id='word_1_283' title='bbox 378 2874 462 2917; x_wconf 77' lang='lat'>784,</span> <span class='ocrx_word' id='word_1_284' title='bbox 487 2875 562 2911; x_wconf 82' lang='lat'><strong>785.</strong></span> <span class='ocrx_word' id='word_1_285' title='bbox 1266 2879 1286 2910; x_wconf 86' lang='lat'><strong>2</strong></span> 
     </span>
    </p>
   </div>
  </div>
 </body>
</html>
