1814 3190
863 212 918 254 24

230 355 395 412 Oedipus
452 358 649 412 prudentia
706 358 907 400 destitutus
961 363 999 399 et
1046 358 1315 414 suspicionibus
1361 358 1538 413 agitatus.

234 437 377 478 Crescit
419 437 671 492 perturbatio;
713 438 803 479 dum
848 451 980 478 verum
1011 438 1168 479 horrore
1196 444 1235 479 et
1263 438 1374 479 minis
1402 437 1540 479 elicere

230 517 331 565 vult,
373 517 490 571 magis
533 518 724 573 magisque
763 532 783 558 a
823 531 912 558 vero
950 517 1109 560 aberrat.
1168 518 1345 571 Legenda
1374 523 1433 558 est
1460 522 1538 558 tota

233 598 351 638 oratio
371 597 451 650 (1),
480 603 520 637 ut
550 597 827 651 intelligamus,
858 602 997 652 quanta
1016 602 1097 637 arte
1118 603 1227 651 poeta
1246 596 1401 651 singulis
1418 596 1538 637 verbis

228 678 327 731 regis
355 689 482 717 mores
513 677 736 731 expresserit
754 676 822 730 (2).

284 755 484 803 Quomodo
525 762 649 797 autem
678 751 771 797 haec
802 756 911 797 verba
939 758 1041 797 cives
1070 757 1260 797 affecerint
1287 756 1426 797 chorus
1454 757 1536 810 sig-

228 835 392 876 nificavit
421 834 572 876 verbis:

441 926 511 959 ot'rr’
534 926 683 960 ἔκτανον
707 926 794 970 γάρ,
822 927 899 960 οὔτε
923 928 986 961 τὸν
1007 928 1169 962 arav6vr'
1191 929 1258 972 ἔχω

444 995 560 1031 δεῖξαι.
584 996 624 1026 τὸ
647 994 680 1026 δὲ
704 995 843 1035 ζήτημα
868 997 927 1027 τοῦ
949 996 1154 1037 πέμψαντος
1175 995 1219 1035 ἦν

444 1063 575 1105 Φοίβου
599 1062 666 1096 τόδ’
690 1062 815 1106 εἰπεῖν,
838 1063 933 1102 ὅστις
956 1064 1136 1108 εἴργασταί
1158 1075 1241 1097 ποτε
1258 1064 1319 1108 (3).

277 1157 482 1212 Apollinis,
533 1157 592 1198 dei
638 1171 716 1198 non
765 1157 929 1198 hominis
977 1163 1056 1198 erat
1102 1158 1257 1212 vestigia
1286 1158 1535 1209 δυστέκμαρτα

225 1239 438 1278 ostendere.
495 1238 570 1278 Sed
599 1238 918 1292 quemadmodum
948 1238 1061 1278 deum
1082 1239 1242 1278 obscure
1261 1237 1535 1290 significantem

226 1316 410 1370 Polybum
439 1322 479 1358 et
507 1317 686 1371 Meropen
717 1330 795 1358 non
823 1331 905 1358 esse
936 1331 1043 1358 veros
1072 1324 1246 1372 parentes
1275 1318 1409 1358 iterum
1439 1331 1536 1359 con-

227 1396 350 1436 sulere
397 1397 616 1449 neglexerat
661 1396 844 1450 Oedipus,
890 1397 940 1436 sic
989 1410 1092 1436 nunc
1131 1399 1267 1444 etiam,
1295 1385 1462 1452 quamvis
1491 1397 1536 1437 ab

220 1476 394 1531 Apolline
424 1477 586 1517 monitus
614 1482 653 1517 et
680 1476 786 1517 anxia
816 1482 945 1517 mente
975 1483 1096 1517 vatem
1116 1483 1362 1530 exspectans,
1395 1491 1437 1518 ea
1458 1478 1532 1518 de-

219 1558 340 1597 cernit
367 1557 502 1610 quibus
531 1558 776 1598 certissimam
805 1557 1008 1611 perniciem
1041 1558 1078 1597 in
1100 1571 1209 1597 suum
1228 1562 1340 1611 caput
1361 1557 1529 1598 devocat.

222 1637 404 1679 Videmus
434 1637 620 1691 Oedipum
650 1637 710 1678 illa
740 1637 996 1679 moderatione
1024 1643 1212 1679 carentem
1230 1670 1239 1687 ,
1269 1652 1341 1692 qua
1361 1637 1438 1679 sola
1457 1639 1529 1679 deo

223 1717 410 1757 conciliari
440 1723 598 1770 possunt
626 1716 817 1756 mortales.

275 1798 321 1837 Et
358 1797 445 1838 huic
473 1797 626 1851 quidem
656 1797 746 1837 vitio
776 1795 945 1850 inprimis
975 1796 1171 1837 tribuenda
1201 1803 1257 1837 est
1285 1797 1336 1837 ira
1365 1797 1530 1838 acerbis-

219 1878 337 1924 sima,
370 1890 442 1930 qua
472 1876 660 1916 invehitur
690 1877 729 1916 in
758 1883 881 1916 vatem
911 1876 1208 1925 sanctissimum,
1242 1890 1314 1931 qua
1343 1877 1391 1917 ita
1419 1890 1531 1918 exar—

218 1958 361 2005 descit,
392 1963 433 1997 ut
461 1954 609 1997 animus
638 1956 790 1996 tandem
811 1956 974 1997 tenebris
994 1956 1184 1996 obruatur.
1216 1956 1434 2005 Falluntur,
1465 1958 1529 2011 qui

218 2038 404 2092 Oedipum
446 2036 658 2078 haesitantis
698 2036 900 2077 sacerdotis
938 2036 1083 2091 injuriis
1125 2037 1170 2077 ad
1210 2037 1435 2078 iracundiam
1477 2037 1527 2079 ita

259 2248 312 2291 (1)
358 2248 542 2282 216—275.
575 2248 621 2281 Ad
639 2248 789 2290 singulos
803 2249 893 2280 locos
909 2248 1095 2282 conferatur
1112 2249 1264 2291 inprimis
1277 2259 1530 2285 scnnmnmn.

259 2303 308 2347 (2)
356 2304 503 2345 Dacium,
535 2303 677 2344 I'Oedipe
709 2304 746 2335 de
776 2303 944 2344 Sophocle,
979 2315 1009 2347 p.
1035 2306 1117 2338 112:
1167 2305 1281 2346 Oea-‘pe
1304 2316 1462 2346 prononoo
1482 2317 1529 2340 aaa

214 2361 430 2400 maledictipm
452 2369 523 2391 avec
546 2363 618 2398 trop
639 2359 676 2389 de
691 2360 824 2390 violence
835 2363 865 2389 et
879 2359 1134 2398 d'emportement
1145 2382 1154 2399 ,
1170 2364 1202 2390 et
1213 2370 1278 2399 par
1294 2361 1326 2391 Ζά
1341 2362 1369 2392 il
1382 2360 1530 2393 demvm

215 2415 476 2447 admirablement
497 2425 552 2446 eon
581 2414 747 2447 caractere.
792 2414 830 2446 Il
850 2415 906 2454 n'y
928 2425 949 2446 a
970 2415 1041 2447 rien
1063 2416 1099 2446 de
1116 2416 1194 2455 plus
1217 2417 1363 2457 traqiquo
1382 2426 1441 2457 que
1463 2420 1530 2449 tout

216 2480 246 2501 ce
270 2471 417 2502 discours.
442 2470 503 2501 Lea
526 2470 650 2501 anciano
672 2470 790 2501 etaient
807 2471 998 2509 persuades,
1023 2479 1082 2511 que
1104 2471 1174 2502 rien
1188 2480 1226 2502 ne
1240 2471 1422 2503 de'tournait
1437 2472 1532 2513 l’fftt

215 2526 266 2557 des
288 2526 506 2557 maledictione
527 2529 557 2557 ee
579 2524 671 2566 qu’on
692 2534 730 2557 ne
746 2527 883 2565 pouvait
904 2527 947 2557 lec
969 2527 1078 2566 expior
1093 2536 1161 2566 par
1182 2536 1284 2559 aucun
1303 2527 1453 2568 sacrifice.

260 2580 311 2623 (3)
357 2580 538 2613 276-280.
583 2581 653 2612 Non
691 2581 843 2622 intelligo
881 2590 940 2612 cur
979 2586 1118 2622 propter
1155 2582 1237 2613 haec
1259 2581 1360 2614 verba
1390 2583 1527 2614 chorum

217 2636 395 2678 impietatis
417 2641 551 2669 accuset
573 2645 731 2670 munuae
759 2645 946 2676 noum,
970 2635 1102 2678 Proovo,
1126 2646 1157 2679 p.
1185 2636 1237 2672 37.
1266 2635 1528 2671 Prudentissime

214 2693 335 2725 chorus
358 2691 519 2734 Oedipum
542 2692 695 2724 admonet
717 2701 854 2732 eorum,
879 2702 964 2734 quae
989 2692 1124 2724 levitate
1148 2693 1386 2734 praetermisit.
