1814 3190
863 238 914 281 28

228 387 443 429 etiamnunc
482 385 650 428 dubitare
679 384 727 426 de
756 385 854 426 veris
882 386 1100 441 parentibus
1116 387 1186 442 (1).
1242 388 1543 445 Exstinguuntur

229 480 363 507 omnes
376 499 385 515 ‚
403 478 498 521 quae
512 478 668 519 surgere
686 465 827 505 debent
839 497 848 513 ,
869 466 1117 519 cogitationes
1135 470 1170 507 vi
1190 468 1349 511 levitatis
1367 471 1543 512 scelestas

230 547 409 602 parientis
439 546 683 601 suspiciones.
741 545 860 593 Quem
890 547 1078 600 suspicere
1105 554 1141 588 et
1171 550 1342 590 venerari
1361 550 1543 601 debebat,

232 639 319 667 eum
360 626 569 682 opprobriis
607 625 755 666 lacessit
797 632 836 666 et
876 628 1090 668 temeritate
1119 629 1310 671 exsultans
1338 631 1542 681 exclamat,

231 706 300 747 sibi
341 707 377 747 in
418 707 499 747 luce
539 708 707 747 versanti
748 720 887 747 nocere
929 720 1006 748 non
1045 721 1158 762 posse
1187 711 1250 764 qui
1281 688 1318 750 in
1349 713 1541 766 perpetuis

232 786 398 829 tenebris
428 794 599 828 versetur
617 785 686 840 (2).

287 867 363 908 Sed
383 880 461 908 non
483 873 539 908 est
559 866 670 907 huius
690 867 783 908 vatis
797 899 807 916 ,
830 867 998 922 quamvis
1018 867 1160 922 injuriis
1177 868 1320 918 affecti,
1344 870 1544 925 impietatis

230 961 372 1002 poenas
400 948 576 1002 exigere:
617 947 741 985 ἱκανός
770 950 871 984 ἐστιν
899 948 1098 986 Ἀπόλλων
1126 947 1249 1002 (5Ἱ7),
1306 949 1385 989 Hoc
1413 963 1542 1002 regem

232 1041 389 1068 monere
430 1028 579 1068 videtur
623 1026 807 1074 Tiresias,
855 1032 896 1067 ut
924 1040 1010 1067 eum
1041 1027 1150 1080 ipsius
1179 1028 1239 1069 dei
1267 1042 1544 1071 commemora-

231 1110 336 1149 tione
365 1121 413 1148 ex
442 1107 622 1149 altissimo
652 1107 793 1146 excitet
813 1119 969 1154 somno,
1000 1107 1065 1146 sed
1087 1113 1128 1146 ut
1145 1109 1269 1148 omnia
1286 1141 1295 1157 ,
1327 1122 1422 1163 quae
1441 1116 1544 1150 vates

229 1188 378 1229 locutus
397 1193 473 1235 est,
495 1188 548 1228 sic
566 1187 654 1227 haec
672 1188 911 1227 contrariam
928 1186 1002 1225 vim
1020 1185 1167 1227 habent.
1187 1187 1370 1241 Apollinis
1390 1188 1543 1228 nomine

230 1268 358 1307 audito
416 1280 493 1307 non
542 1266 850 1306 vaticinationum
908 1265 1208 1318 gravissimarum
1264 1267 1512 1306 reminiscitur
1530 1298 1540 1313 ,

231 1348 299 1388 sed
346 1347 520 1389 Creontis
540 1342 568 1395 ,'
594 1358 707 1400 quem
754 1345 854 1385 misit
898 1345 944 1385 ad
990 1345 1179 1385 oraculum
1226 1347 1503 1388 consulendum
1528 1379 1537 1396 ‚

234 1428 408 1471 Creontis
426 1460 435 1477 ,
483 1427 589 1481 cujus
636 1424 783 1465 hortatu
822 1423 926 1465 illum
955 1425 1170 1474 arcessivit,
1217 1438 1238 1466 a
1266 1439 1343 1480 quo
1371 1439 1412 1467 se
1441 1425 1541 1467 falsis

234 1508 452 1551 criminibus
506 1508 800 1548 circumventum
857 1511 961 1559 putat
996 1505 1062 1558 (5).
1148 1505 1277 1547 Subito
1333 1507 1540 1561 suspicatur

276 1657 330 1699 (1)
374 1656 463 1688 naec
493 1655 657 1688 dubitatio
689 1665 787 1698 quam
822 1655 953 1697 penitus
986 1654 1098 1687 animo
1131 1660 1220 1687 esset
1254 1655 1349 1687 infixa
1371 1655 1538 1697 praeclare

231 1713 397 1755 expressit
435 1717 535 1753 poeta
572 1712 686 1753 paucis
724 1710 792 1743 illis
828 1710 963 1752 verbis,
1007 1710 1127 1752 quibus
1157 1709 1302 1752 Oedipus
1334 1711 1538 1744 sacerdotem

222 1773 398 1807 parentum
419 1767 587 1799 mentione
612 1766 706 1798 illata
729 1774 862 1797 manere
881 1765 974 1805 jubet
988 1764 1106 1807 (437):

425 1824 554 1855 ποίοισι
566 1833 581 1860 ;
603 1825 733 1864 μεῖνον.
759 1822 813 1859 τίς
835 1820 868 1852 δέ
891 1820 924 1863 μ’
941 1820 1051 1863 ἐκφύει
1072 1820 1212 1862 βροτῶν
1223 1830 1239 1858 ;

273 1892 326 1933 (2)
371 1890 445 1926 371.
489 1891 617 1935 τυφλὸς
640 1890 684 1923 τά
708 1890 738 1922 τ’
760 1890 832 1922 ὦτα
856 1889 920 1922 τόν
943 1900 978 1921 τε
1002 1890 1088 1922 νοῦν
1110 1889 1153 1922 τά
1176 1887 1205 1920 τ’
1228 1888 1352 1930 ὄμματ’
1376 1890 1414 1922 εἶ.

252 1948 336 1987 374,
365 1947 440 1980 375.
485 1949 568 1988 μιᾶς
591 1946 698 1988 τρέφει
719 1946 807 1986 πρὸς
830 1947 972 1987 νυκτὸς,
995 1946 1079 1982 ‹il-crs
1103 1945 1180 1987 μήτ’
1203 1946 1257 1986 ἐμὲ

488 2000 567 2044 μήτ’
591 1999 722 2041 ἄλλον,
744 2000 839 2038 ὅστις
859 2002 928 2043 φῶς
952 1998 1036 2042 ὁρᾷ,
1059 1999 1199 2042 βλάψαι
1221 1999 1298 2033 ποτ’
1320 1999 1377 2033 ἄν.

272 2057 324 2097 (3)
369 2057 442 2090 378.
490 2055 663 2096 Κρέοντος
677 2053 699 2095 ‚'
719 2055 741 2092 ἣ
775 2058 836 2086 σοῦ
859 2058 971 2086 ταῦτα
994 2055 1240 2096 τάξευρήματα.
1286 2057 1387 2088 Recte
1408 2062 1542 2088 conten-

231 2112 279 2146 dit
314 2122 576 2152 scnumnnwm,
610 2110 756 2144 Tiresiae
788 2109 898 2144 verbis
920 2109 1039 2144 factum
1062 2119 1136 2144 esse
1162 2115 1195 2144 ut
1217 2109 1361 2154 Oedipus
1383 2111 1487 2144 cubito
1510 2111 1542 2145 in

233 2174 337 2200 tantas
370 2169 528 2200 incideret
558 2167 774 2207 suspiciones.
819 2166 890 2198 Hoc
913 2167 1015 2198 multo
1038 2166 1159 2198 melius
1180 2168 1333 2198 convenit
1354 2177 1428 2199 cum
1453 2168 1544 2208 regis

232 2223 427 2256 mobilitate.
474 2222 587 2266 Itaque
620 2230 683 2255 non
715 2219 882 2264 probanda
914 2225 1023 2253 statuo
1060 2229 1143 2264 quae
1179 2229 1399 2255 senonas-ms
1433 2221 1473 2254 ad
1496 2231 1545 2254 vs.

234 2281 295 2312 124
330 2279 514 2312 adnotavit:
546 2279 645 2310 τείνει
674 2276 707 2309 δὲ
733 2278 836 2308 τοῦτο
858 2276 904 2315 εἰς
929 2276 1086 2318 Κρεόντα
1101 2301 1110 2318 ,
1133 2276 1179 2314 ὡς
1203 2277 1312 2310 αὐτοῦ
1335 2276 1544 2319 συνθεμένου

231 2335 282 2376 τῷ
313 2335 375 2366 τοῦ
402 2334 508 2366 Λαΐου
529 2337 621 2374 φονεῖ
643 2331 698 2363 διὰ
722 2332 790 2370 τὴν
811 2331 1016 2372 βασιλείαν,
1041 2337 1074 2363 et
1096 2341 1180 2374 quae
1204 2332 1316 2364 multis
1339 2331 1546 2374 argumentis

227 2389 373 2424 defendit
396 2398 618 2428 rimans,
644 2398 675 2429 p.
705 2388 764 2420 156
786 2396 894 2429 seqq-2
934 2388 980 2419 Ee
1002 2388 1100 2419 heim
1122 2388 1175 2419 die
1195 2387 1435 2428 Sophokleieolu
1461 2389 1541 2420 mia·

226 2445 542 2486 raktorechildertmq
573 2445 653 2475 total
673 2443 866 2483 vei-konnen,
907 2452 996 2474 wenn
1018 2452 1112 2482 man,
1151 2444 1212 2475 wie
1246 2444 1327 2476 auch
1354 2447 1480 2477 sozom
1505 2454 1543 2484 p.

230 2502 292 2534 180
326 2501 444 2543 qetlum
476 2499 533 2531 hat
555 2497 656 2542 (quod
682 2503 788 2531 tamen
813 2498 929 2531 salsum
953 2503 1025 2538 est,
1058 2499 1144 2532 conf.
1168 2502 1294 2532 senous
1320 2499 1392 2533 loco
1417 2499 1516 2541 laud.)
1534 2523 1544 2540 ,

227 2558 345 2598 mint,
381 2559 446 2588 erat
468 2565 512 2587 va.
545 2555 608 2589 378
640 2556 699 2587 mit
721 2555 788 2587 dem
810 2555 928 2596 offeram
948 2554 1155 2594 Ampruche
1176 2555 1228 2586 dea
1249 2555 1434 2596 Arqwolme
1454 2565 1548 2597 qeyon

227 2613 353 2653 Kreon,
381 2611 473 2654 saue
505 2611 639 2643 der-selbo
673 2612 709 2643 in
742 2611 798 2643 dor
819 2611 921 2644 Bru-tt
944 2611 995 2642 dee
1020 2611 1156 2650 Oedipus
1185 2611 1317 2643 Wurzol.
1363 2612 1403 2644 At
1433 2611 1460 2643 si
1481 2610 1547 2651 jam

227 2677 275 2700 vs.
314 2669 391 2700 124:
449 2667 593 2710 Oedipus
634 2666 760 2709 aliquid
807 2667 993 2709 suspicatus
1025 2671 1135 2709 esset,
1172 2672 1263 2699 certe
1299 2677 1363 2699 non
1396 2666 1546 2700 Creontis

230 2723 362 2755 hortatu
386 2721 550 2756 Tiresiam
572 2722 810 2756 arcessivisse&
