1814 3190
866 291 916 334 21

252 438 448 495 perpendit
475 437 678 493 opitulandi
697 437 886 487 rationes,
914 443 953 479 'et
972 443 1050 479 tum
1071 437 1248 487 demum,
1278 452 1390 492 quum
1410 441 1488 494 ipse
1507 442 1556 482 de

250 519 418 560 remedio
448 519 647 572 desperat,
676 519 877 559 Creontem
906 518 951 557 ad
984 517 1174 557 oraculum
1195 519 1307 558 mittit
1320 519 1389 571 (l).
1421 520 1555 567 Quales

252 604 377 640 autem
420 597 668 651 cogitationes
708 599 872 638 animum
911 598 1089 639 subierint
1133 598 1319 638 declarant
1360 600 1554 653 aegritudo

251 685 289 719 et
331 677 558 732 impatientia
605 678 704 731 regis
732 677 831 718 haud
861 677 1001 732 placida
1032 683 1161 719 mente
1191 678 1391 720 Creontem
1421 693 1551 734 exspe-

250 759 398 799 ctantis.
459 758 667 810 interrogat
707 771 793 798 eum
835 757 942 798 simul
979 771 1023 797 ac
1051 772 1124 798 vox
1152 759 1198 798 ad
1226 772 1333 800 aures
1361 761 1555 813 pervenire

251 844 400 893 potest,
429 839 594 879 animum
625 851 701 878 non
731 836 890 878 advertit
917 838 961 877 ad
991 837 1101 878 verba

506 929 596 972 λέγω
619 929 684 972 γάρ
708 929 763 961 καὶ
786 930 829 960 τὰ
853 927 1003 972 δύσφορ”,
1026 929 1055 961 εἰ
1077 928 1175 972 τύχοι

507 999 580 1031 κατ’
604 999 708 1041 ὀρθὸν
730 998 936 1038 ἐξελθόντα,
960 997 1063 1030 πάντ·
1087 998 1132 1030 ἂν
1154 998 1315 1039 εὐτυχεῖν
1347 986 1549 1039 (87-88).

248 1081 430 1134 rationem
472 1093 545 1119 non
585 1078 695 1119 habet
731 1078 1038 1133 prudentissimae
1078 1077 1343 1118 admonitionis
1358 1077 1434 1131 (2),
1481 1078 1549 1132 sed

252 1159 370 1212 palam
395 1158 498 1212 jubet
527 1158 703 1212 proferri,
732 1170 979 1212 quaecunque
1007 1170 1026 1197 a
1055 1157 1128 1197 deo
1158 1163 1245 1197 sunt
1264 1157 1549 1210 significataffi).

304 1237 454 1279 Oblitus
496 1251 580 1279 esse
620 1238 765 1278 videtur
807 1251 964 1285 eorum,
1003 1251 1098 1292 quae
1128 1239 1190 1278 vix
1218 1238 1546 1292 pronuntiaverat:

818 1329 993 1369 τηνικαῦτ’
1016 1329 1081 1372 ἐγὼ
1105 1329 1208 1368 κακός

497 1399 545 1440 μὴ
567 1397 656 1439 δρῶν
679 1398 726 1430 ἂν
747 1398 820 1437 εἵην
842 1396 948 1431 πάνθ·
970 1398 1020 1430 δυ’
1044 1398 1091 1430 ἂν
1113 1397 1213 1438 δηλοῖ
1233 1399 1310 1437 θεός
1331 1387 1524 1440 (77—78)

251 1481 325 1521 lam
375 1481 477 1521 audit
525 1494 571 1520 ex
620 1480 783 1521 Creonte
836 1480 1006 1527 caedem,
1030 1480 1105 1520 Laii
1146 1494 1227 1521 esse
1267 1481 1553 1529 vindicandam,

251 1573 328 1601 non
368 1573 456 1601 vero
497 1559 668 1613 intelligit
708 1560 778 1601 hoc
818 1560 999 1614 piaculum
1039 1559 1083 1600 ad
1125 1573 1165 1601 se
1194 1560 1383 1614 pertinere
1411 1574 1548 1615 posse,

251 1642 384 1696 quippe
436 1641 500 1695 qui
535 1641 734 1695 aliquando
772 1642 894 1681 virum
934 1641 1013 1693 regi
1051 1654 1126 1681 non
1168 1640 1385 1681 dissimilem
1429 1642 1553 1681 inter-

250 1721 379 1761 fecerit
409 1720 478 1772 (4).
551 1720 667 1760 Audit
720 1720 850 1760 Laium
901 1721 938 1759 in
982 1720 1115 1761 itinere
1144 1727 1184 1760 et
1221 1721 1373 1774 quidem
1409 1722 1553 1770 θεωρὸν

251 1800 413 1840 occisum
465 1813 567 1848 esse,
610 1800 676 1840 sed
717 1813 794 1840 non
825 1805 1011 1841 movetur.
1070 1801 1325 1854 Interrogatus
1364 1800 1411 1840 de
1454 1800 1551 1852 regis

253 1882 365 1922 sociis
395 1888 516 1921 narrat
544 1881 666 1922 Creon
698 1894 813 1921 unum
844 1892 1037 1935 superesse
1067 1887 1228 1929 testem,
1261 1881 1328 1921 sed
1358 1881 1429 1921 hoc
1454 1881 1553 1922 dicto

254 1962 430 2015 neglecto
459 1962 586 2002 incidit
614 1960 779 2016 Oedipus
811 1961 846 2001 in
879 1961 1090 2002 salsissimas
1111 1962 1345 2015 suspiciones
1360 1962 1428 2014 (5).
1459 1962 1553 2009 Quin

253 2045 366 2102 etiam
381 2075 390 2090 ‚
408 2056 525 2100 quum
547 2049 693 2095 tempus
709 2042 829 2095 ipsum
851 2056 925 2096 quo
947 2042 1055 2081 Laius
1076 2042 1267 2089 occubuit,
1289 2044 1336 2082 ita
1355 2056 1374 2082 a
1391 2042 1552 2083 Creonte

252 2121 433 2163 indicetur
452 2122 532 2175 (6),
563 2127 604 2162 ut
626 2121 808 2176 Oedipum
829 2121 1017 2162 reminisci
1048 2135 1203 2163 necesse
1221 2122 1269 2162 sit
1287 2135 1418 2162 eorum
1431 2154 1440 2170 ,
1460 2135 1554 2176 quae

255 2354 271 2359 -
295 2327 346 2372 (1)
391 2327 530 2362 67-69.

294 2382 345 2427 (2)
389 2385 452 2425 91,
475 2385 528 2417 92.

293 2438 347 2482 (3)
391 2440 431 2471 93
457 2437 493 2476 ἐς
516 2437 656 2477 πάντας
679 2437 778 2472 αὔδα.
822 2439 912 2472 Conf.
936 2449 1112 2482 naamon,
1135 2449 1167 2482 p.
1192 2441 1262 2472 110.

295 2492 349 2535 (4)
390 2494 482 2526 Conf.
505 2494 559 2526 Dr.
584 2505 620 2526 n.
645 2504 814 2536 senum-r,
839 2495 888 2526 die
911 2495 1010 2527 Einh.
1027 2496 1082 2526 der
1096 2495 1238 2536 Ranae„
1263 2506 1294 2537 p.
1312 2496 1352 2528 4:
1376 2496 1446 2527 Dae
1469 2497 1557 2528 Wort

250 2550 387 2581 Marder
429 2551 517 2582 Mitte
549 2551 615 2582 dem
640 2550 776 2589 Oedipus
796 2552 914 2583 schwer
935 2550 1009 2591 ausa
1030 2551 1117 2582 Hera
1129 2551 1236 2592 sallon
1258 2552 1399 2592 miiasen,
1422 2552 1502 2582 donn
1523 2562 1558 2583 er

249 2615 319 2637 war
336 2605 378 2644 J'a
398 2606 448 2636 ein
469 2606 624 2645 Mor-der,
650 2606 747 2637 allein
768 2606 847 2638 auch
868 2617 900 2638 so
923 2607 1001 2638 lc'iset
1022 2615 1057 2638 er
1069 2606 1139 2638 sich
1153 2616 1210 2638 auc
1224 2608 1325 2639 seiner
1339 2606 1557 2649 qesa'hrlt'chen

253 2661 431 2694 sicherheit
452 2661 541 2694 nicht
563 2661 794 2704 ausscbreoken.

296 2716 348 2759 (6)
395 2717 477 2756 124,
503 2718 573 2750 125.

296 2768 346 2814 (6)
393 2772 475 2813 130,
500 2772 573 2805 131.
