1814 3190
875 251 931 294 20

250 392 461 443 παρθένου,
490 400 648 436 cruento
678 395 818 437 tributo
848 397 977 439 liberat
1008 398 1137 440 urbem
1167 406 1207 441 et
1232 413 1300 455 pro
1332 400 1444 442 tantis
1475 413 1561 442 me-

249 473 328 512 ritis
369 487 527 527 regnum
556 490 642 515 curn
675 478 802 529 regina
832 491 949 518 uxore
977 479 1120 532 aceipit.
1179 479 1281 527 Quae
1310 480 1459 528 omnia,
1488 482 1561 521 etsi

254 566 328 592 non
369 554 438 594 nisi
478 555 656 596 divinitus
697 557 859 597 immissa
900 557 1101 606 videntur,
1144 565 1267 601 tamen
1297 573 1374 600 non
1404 566 1559 600 movent

249 631 445 688 Oedipum.
477 635 593 676 Cuius
621 638 796 690 sapientia
827 651 979 679 omnem
1009 638 1210 679 humanam
1240 640 1458 693 sapientiam
1489 652 1559 680 su-

253 714 415 765 peravit,
456 715 504 756 ita
543 729 564 756 a
602 723 702 757 recta
731 718 897 758 deflectit
927 719 1095 766 ratione,
1137 725 1176 759 ut
1202 732 1313 772 quam
1343 719 1490 760 fortuna
1522 719 1556 760 ei

248 791 382 842 offert,
426 807 507 834 eam
548 795 660 837 ducat
698 809 882 846 uxorem,
923 797 1175 852 feminamque
1204 798 1275 838 sibi
1304 798 1485 853 adjungat
1514 811 1556 838 se

247 878 352 911 tanto
399 877 580 928 maJorem
629 883 739 923 natu,
776 883 817 916 ut
855 877 961 916 facile
1001 878 1117 929 ipsius
1156 883 1274 916 mater
1301 890 1386 917 esse
1415 884 1553 930 posset.

245 949 382 992 Nonne
423 953 538 1006 igitur
576 955 740 996 monitus
768 962 846 996 erat
876 956 921 996 ab
949 956 1149 1009 Apolline,
1181 962 1223 996 ut
1251 956 1412 1010 qualibet
1440 957 1554 998 caede

246 1039 284 1070 et
314 1033 554 1072 matrimonio
584 1033 749 1087 quolibet
777 1034 1088 1087 abstinerent)

301 1111 404 1157 Quae
432 1112 553 1152 adhuc
583 1114 824 1165 exposuimus
853 1120 955 1154 extra
985 1114 1212 1167 tragoediam
1243 1121 1340 1155 sunt.
1384 1114 1549 1155 Perfecta

243 1197 331 1230 sunt
360 1192 478 1232 multo
506 1198 592 1232 ante
622 1193 720 1233 illam
748 1193 1011 1241 calamitatem,
1044 1193 1146 1234 unde
1176 1195 1326 1234 initium
1356 1194 1398 1234 fit
1425 1207 1550 1234 rerum

243 1272 540 1324 compositionis.
599 1273 777 1312 Attamen
817 1286 837 1312 a
878 1277 985 1326 poeta
1015 1285 1091 1311 non
1123 1273 1347 1319 reticentur,
1387 1272 1454 1312 sed
1482 1285 1550 1312 suo

244 1350 324 1389 loco
364 1351 510 1391 mediae
540 1352 685 1392 fabulae
715 1352 763 1391 ita
793 1354 1036 1398 inseruntur,
1079 1357 1120 1391 ut
1147 1351 1338 1391 declarent
1367 1351 1549 1405 Oedipum

243 1431 281 1470 in
322 1431 475 1470 oraculo
513 1431 736 1471 observando
776 1444 850 1471 non
881 1431 1036 1471 omnino
1064 1431 1172 1484 culpa
1202 1443 1361 1472 vacasse.
1420 1429 1549 1477 Quan-

243 1516 317 1549 tam
349 1522 437 1549 vero
466 1509 587 1549 lucem
619 1509 775 1549 afferant
804 1509 870 1562 ipsi
900 1508 1052 1556 actioni,
1085 1509 1120 1547 in
1151 1521 1223 1562 qua
1252 1508 1416 1562 Oedipus
1444 1492 1564 1563 quasi'

241 1590 303 1630 sati
335 1590 536 1630 ludibrium
566 1590 684 1630 videri
712 1596 862 1642 potest,
896 1590 998 1630 facile
1028 1588 1135 1628 nobis
1162 1590 1348 1642 apparebit
1375 1590 1547 1628 animad-

239 1669 497 1719 vertentibus,
541 1683 614 1724 qua
654 1670 795 1710 ratione
833 1673 944 1723 poeta
983 1669 1193 1709 ostenderit
1233 1669 1369 1709 mentis
1398 1681 1545 1708 errores

238 1749 354 1788 semel
394 1756 598 1803 conceptos
637 1762 785 1803 semper
814 1750 850 1788 in
882 1750 999 1789 maius
1027 1749 1228 1802 progredi,
1272 1762 1342 1788 nec
1370 1761 1546 1802 umquam

240 1830 461 1872 consistere.
520 1829 643 1876 Quum
684 1830 786 1869 enim
829 1829 960 1869 civitas
1001 1835 1101 1868 tanta
1141 1828 1321 1868 laboraret
1358 1828 1547 1868 calamita-

240 1916 304 1957 te,
348 1911 462 1950 latere
502 1924 579 1950 non
623 1916 769 1964 poterat
810 1923 960 1964 regem,
991 1909 1086 1950 hanc
1116 1923 1194 1950 non
1235 1910 1305 1949 nisi
1339 1909 1407 1949 diis
1444 1910 1546 1950 iratis

237 1991 316 2030 urbi
359 1991 473 2031 fuisse
516 1992 721 2031 immissam
752 1989 819 2043 (2).
878 1991 1010 2045 Neque
1050 1997 1173 2031 tamen
1213 1991 1392 2031 continuo
1430 2004 1472 2031 se
1499 1991 1545 2032 ad

236 2072 329 2111 deos
358 2072 544 2111 convertit
557 2071 637 2123 (3);
667 2085 731 2111 sua
761 2071 877 2111 fretus
896 2071 1074 2125 sapientia
1093 2071 1173 2111 dies
1192 2076 1399 2124 noctesque
1415 2083 1545 2110 omnes

278 2168 329 2212 (1)
373 2170 420 2202 Cf.
443 2178 606 2201 naamon
620 2192 628 2207 ‚
664 2179 695 2210 p.
723 2170 804 2201 109:
836 2169 882 2200 Ee
912 2168 1005 2199 bletbt
1038 2168 1114 2199 doch
1141 2169 1254 2208 qemi-«e
1284 2169 1356 2199 aasz
1377 2167 1428 2198 die
1449 2167 1544 2208 Sorq-

235 2226 380 2265 loaiqkeit
401 2226 461 2256 mit
483 2225 614 2256 welcher
640 2225 775 2263 Oedipus
797 2225 855 2255 den
871 2224 937 2255 iltm
952 2223 1173 2263 darqebotenen
1198 2223 1303 2255 Daron
1318 2222 1444 2262 besteiqt
1456 2222 1545 2252 einen

233 2281 418 2322 strafbaren
447 2281 632 2313 Leielatsinn
662 2281 795 2313 beweiet.
842 2280 955 2310 Die-ser
977 2279 1162 2310 Leiolitainn
1183 2279 1226 2310 iat
1247 2278 1314 2309 eine
1336 2277 1542 2318 Eiqenthiim—

234 2339 366 2372 lichkeit
396 2339 449 2369 dea
480 2338 635 2378 Oedipus,
667 2337 780 2369 welche
800 2336 880 2368 auch
903 2338 947 2368 im
963 2334 1101 2377 semem
1123 2334 1217 2376 Laus
1232 2334 1289 2366 der
1314 2333 1468 2374 vraqacue
1488 2343 1545 2365 zur

236 2395 454 2434 Erecheinunq
487 2394 622 2433 kommt,
654 2394 722 2425 und
741 2393 854 2424 welche
875 2401 911 2423 er
931 2392 1032 2423 durch
1055 2391 1121 2422 sein
1144 2392 1302 2430 tramiqea
1323 2389 1487 2421 Solaicksae
1506 2399 1545 2419 zu

235 2450 345 2481 biiszen
367 2450 435 2482 hat.
482 2449 707 2490 qummm,
741 2459 770 2491 p.
798 2448 882 2490 17⁰3
905 2457 1029 2480 Tuon.
1057 2456 1169 2487 xocx,
1192 2445 1289 2485 δορὴ.
1306 2445 1417 2485 Stud.,
1441 2455 1471 2486 p.
1489 2446 1540 2478 56.

276 2506 327 2549 (2)
373 2506 464 2538 Conf.
497 2505 552 2537 Dr.
582 2515 751 2537 naumann
783 2513 955 2544 scnmm,
988 2503 1039 2534 die
1071 2502 1203 2534 Einlm't
1224 2502 1280 2532 der
1302 2500 1477 2541 Handeunq
1499 2501 1542 2533 im

232 2561 340 2601 Kaniq
365 2562 519 2601 Oediptoe,
542 2570 573 2602 p.
597 2563 628 2592 4.

276 2616 327 2659 (3)
372 2616 480 2650 Minus
504 2621 592 2649 recte
616 2625 730 2658 xocx,
756 2614 852 2655 δορὴ.
877 2614 986 2654 stud„
1011 2624 1042 2656 p.
1066 2613 1129 2647 57:
1180 2612 1266 2644 Hier
1287 2612 1376 2644 Mitte
1399 2612 1539 2644 menach-

229 2674 310 2704 lione
343 2673 502 2714 Kluqlaeit
535 2671 749 2711 westwic-ht,
784 2681 818 2702 er
849 2670 967 2701 wendet
1000 2669 1066 2700 nich
1099 2669 1292 2708 verzweq'felt
1312 2679 1354 2699 an
1375 2668 1426 2700 die
1449 2668 1539 2699 Gott-

229 2728 328 2767 leche,
353 2743 395 2751 —
419 2736 524 2769 neque
550 2728 580 2759 in
605 2727 664 2768 iis,
689 2734 772 2768 quae
796 2729 994 2766 sequuntur,
1017 2732 1094 2754 vere
1116 2722 1282 2764 disputare
1305 2722 1444 2754 videtur.
