1814 3190
886 241 939 283 54

321 388 390 430 Ubi
419 388 521 428 enim
551 401 570 427 a
599 388 726 428 Choro
754 387 928 438 intelligit
955 387 1160 429 Creontem
1179 386 1401 433 advenisse,
1418 384 1574 439 singulis

267 468 389 508 verbis
429 467 615 514 declarat,
644 476 892 521 ‘quantopere
931 481 972 508 se
999 468 1215 521 injuriarum
1246 467 1364 507 amico
1392 466 1571 507 illatarum

268 549 470 602 poeniteat.
529 547 600 588 Vix
629 547 728 588 enim
758 561 845 588 eum
874 547 1099 602 compellare
1127 547 1262 589 audet:

482 673 591 714 οἶμοι,
616 672 648 703 τί
670 671 760 711 δῆτα
781 671 921 715 λέξομεν
943 672 1030 715 πρὸς
1054 671 1144 705 τόνδ’
1169 672 1273 714 ἔπινες

483 739 536 780 τίς
558 752 615 783 μοι
636 744 793 783 φανεῖται
815 742 932 779 πίστις
954 739 1106 780 ἔνδικοι-ς
1129 741 1172 772 τὰ
1195 741 1262 783 γὰρ

482 809 593 851 πάρος
617 810 706 851 πρὸς
727 809 837 841 αὐτὸν
860 808 965 841 πάντ’
990 809 1173 852 ἐφεύρημαι
1195 808 1298 846 κακός
1321 806 1535 848 (1419—21).

320 914 475 962 Metuit,
524 928 572 955 ne
624 915 759 955 frustra
809 929 851 955 se
902 921 1097 956 convertat
1142 916 1189 956 ad
1229 929 1316 955 eum
1351 928 1463 968 quem
1502 915 1573 966 ali-

263 994 412 1050 quando
451 993 671 1047 gravissimis
710 994 874 1035 affecerit
915 994 1108 1037 conviciis.
1168 994 1440 1049 Respondente
1482 1008 1571 1036 vero

264 1073 426 1114 Creonte
467 1087 509 1113 se
552 1086 630 1113 non
671 1073 946 1126 exprobrandi,
981 1087 1106 1128 neque
1136 1075 1337 1115 insultandi
1366 1088 1475 1115 causa
1504 1088 1574 1116 ve-

263 1153 364 1193 nisse
394 1153 575 1194 exclamat

476 1245 565 1286 πρὸς
587 1246 693 1286 Θεῶν,
718 1246 854 1289 ἐπείπερ
877 1245 1017 1285 ἐλπίδος
1037 1246 1283 1290 μ’ᾰπέσπασας

477 1316 617 1357 ἄριστος
639 1315 753 1349 ἐλθὼν
775 1316 865 1355 πρὸς
887 1315 1050 1348 κάκιστον
1072 1315 1168 1358 ἄνδρ’
1191 1316 1245 1358 ἐμὲ

477 1385 581 1417 πιθοῦ
598 1386 630 1417 τί
646 1397 719 1426 μοι,
737 1385 825 1427 πρὸς
840 1386 901 1417 σοῦ
919 1384 1003 1427 γάρ,
1022 1383 1091 1417 οὐδ’
1110 1384 1207 1427 ἐμοῦ,
1224 1384 1340 1427 φράσω
1353 1384 1570 1426 (1432-34).

317 1491 494 1532 Profecto
531 1491 622 1532 haec
661 1491 849 1531 sufficiunt
888 1491 934 1531 ad
974 1492 1148 1532 Creontis
1188 1493 1445 1533 innocentiam
1476 1504 1569 1545 pro-

263 1571 436 1612 bandam.
495 1571 637 1618 Quodsi
679 1585 780 1611 nunc
821 1571 948 1611 durior
988 1572 1024 1611 in
1064 1585 1192 1625 regem
1223 1572 1391 1622 videtur,
1430 1579 1570 1614 tenen-

262 1651 352 1690 dum
382 1635 438 1691 est
467 1650 521 1697 ei.
560 1650 617 1690 cui
641 1651 717 1704 jam
746 1650 903 1690 civitatis
942 1651 1137 1704 imperium
1171 1658 1272 1691 esset
1306 1651 1569 1706 delatum(1),

263 1731 469 1771 cavendum
517 1730 651 1777 fuisse,
682 1743 730 1770 ne
761 1731 798 1770 in
830 1736 934 1770 tanto
964 1745 1088 1771 rerum
1119 1731 1333 1773 discrimine
1362 1746 1458 1773 novo
1487 1733 1570 1787 pia-

259 1810 344 1850 culo
406 1809 492 1850 urbs
554 1811 886 1850 contaminaretur.
979 1811 1213 1866 Quapropter
1278 1812 1570 1865 prudentissime

263 1891 446 1944 Oedipum
475 1891 680 1930 admonet:

863 1996 953 2040 ὅμως
975 1996 1004 2029 δ’
1026 1995 1078 2029 ’ἶν’
1099 1997 1247 2041 ἕσταμεν

475 2063 595 2107 χρείας
618 2065 758 2108 ἄμεινον
780 2065 941 2107 ἐκμαθεῖν
964 2066 997 2098 τί
1020 2065 1185 2108 δραστέον
1208 2067 1422 2109 (1442—43).

315 2160 444 2215 Neque
475 2159 662 2213 Oedipus,
700 2160 772 2200 etsi
802 2158 1077 2199 vehementiam
1109 2158 1278 2199 nondum
1309 2160 1466 2200 omnino
1497 2159 1570 2200 de-

258 2242 406 2297 posuit,
436 2239 608 2282 Creontis
638 2240 758 2280 verbis
788 2240 1015 2288 offenditur,
1047 2239 1114 2280 sed
1144 2241 1263 2279 veteri
1282 2240 1403 2280 amico
1422 2243 1566 2281 tantam

258 2323 371 2363 iidem
400 2321 532 2369 habet,
562 2327 602 2361 ut
630 2321 663 2361 ei
682 2320 891 2374 puellarum
909 2320 1175 2361 carissimamm
1195 2333 1322 2361 curam
1337 2320 1566 2363 committat.

260 2402 351 2442 Tam
392 2410 498 2454 grato
538 2403 664 2442 animo
704 2400 854 2442 affectus
894 2407 950 2442 est
994 2401 1030 2441 in
1069 2415 1177 2450 eum,
1207 2403 1270 2456 qui
1299 2403 1415 2456 patris
1442 2415 1568 2443 amore

297 2599 351 2642 (1)
394 2600 545 2634 Eteocles
589 2606 623 2632 et
663 2599 836 2643 Polynices
870 2600 1014 2632 minores
1045 2604 1119 2632 natu
1152 2608 1226 2631 esse
1261 2599 1434 2641 finguntur.
1480 2600 1565 2641 Qua-

256 2663 390 2700 propter
413 2658 541 2690 Chorus
564 2657 605 2690 de
629 2657 770 2690 Creonte
795 2658 898 2689 14182
925 2657 1040 2698 χώρας
1063 2656 1240 2689 λέλειπται
1261 2658 1390 2699 μοῦνος
1409 2656 1489 2688 ἀντὶ
1505 2657 1567 2688 σοῦ

254 2711 378 2754 φύλαξ.
