1814 3190
891 314 944 356 47

267 459 443 501 fallacem.
500 458 576 499 Sed
604 472 683 499 non
710 464 863 513 apparet
890 471 1041 507 servus,
1071 459 1196 513 prodit
1222 472 1271 500 ex
1288 458 1440 499 aedibus
1457 459 1570 512 regiis

269 537 431 585 Iocone,
461 537 598 592 quippe
625 551 721 592 quae
753 544 915 585 metum,
944 552 1020 593 quo
1049 540 1235 581 cruciatur
1252 540 1374 581 celare
1394 552 1471 579 non
1490 552 1575 579 am-

269 618 366 672 plius
392 621 530 671 potest.
590 617 768 658 Simulata
795 618 931 673 pietate
960 631 1000 659 se
1026 619 1212 659 convertit
1230 619 1277 659 ad
1298 619 1433 667 deum,
1462 631 1574 673 quem

270 697 386 738 modo
424 697 632 738 contemtui
671 697 808 739 hahuit.
837 722 891 731 -
919 699 1093 740 Attamen
1133 710 1264 752 preces
1301 697 1385 738 eius
1410 697 1576 739 exaudiri

272 777 446 819 videntur
464 809 474 825 ,
503 782 627 820 morte
654 776 783 830 Polybi
811 792 830 818 a
861 784 1008 831 pastore
1037 777 1232 819 Corinthio
1251 777 1432 818 nuntiata.
1462 777 1574 818 Cuius

271 856 396 897 verbis
422 856 576 898 credere
603 869 722 911 paene
753 870 827 898 non
856 855 1003 900 audet(
1040 857 1244 899 Continere
1273 870 1314 899 se
1333 870 1410 898 non
1428 863 1569 911 potest,

270 936 361 989 quin
404 936 551 989 impiam
592 936 880 976 laetitiam'cum
909 936 1054 990 Oedipo
1083 937 1349 977 communicet.
1408 936 1454 977 Et
1488 937 1568 990 ipse

272 1014 438 1069 Oedipus
467 1015 665 1056 adducitur
693 1021 736 1056 ut
763 1016 925 1056 feminae
953 1016 1202 1057 adsentiatur:

484 1109 530 1141 τὰ
551 1107 578 1142 δ’
601 1108 663 1142 οὖν
684 1109 846 1152 παρόντα
867 1108 1057 1151 συλλαβὼν
1078 1109 1297 1152 θεσπίσματα

486 1181 594 1212 κεῖται
615 1181 697 1221 παρ’
714 1177 817 1222 ’Ἀιδη
841 1179 1006 1221 Πόλυβος
1028 1178 1093 1216 ἄξι’
1116 1178 1254 1216 οὐδενός
1269 1178 1332 1221 (1).

324 1258 549 1300 Admiranda
577 1266 636 1301 est
664 1274 722 1301 ars
750 1263 907 1314 poetae,
936 1273 1009 1314 qua
1038 1261 1077 1300 in
1107 1272 1257 1300 summo
1285 1272 1410 1299 rerum
1439 1259 1575 1299 discri-

270 1341 372 1380 mine
415 1340 596 1380 nuncium
640 1341 730 1382 fecit
768 1339 870 1381 illum
913 1339 1034 1394 ipsum
1071 1352 1242 1387 servum,
1282 1320 1572 1393 qui³aliquando

269 1418 452 1475 Oedipum
481 1425 714 1468 servaverat,
742 1432 842 1460 nunc
870 1432 960 1459 vero
990 1399 1037 1459 eo
1067 1419 1149 1473 ipso
1177 1417 1318 1466 officio,
1345 1431 1421 1473 quo
1441 1430 1574 1458 omnes

270 1513 378 1540 curas
406 1513 447 1540 se
476 1501 668 1554 pulsurum
698 1494 845 1554 sperat,
874 1500 1007 1547 efficit,
1036 1506 1079 1540 ut
1098 1505 1246 1539 veteres
1262 1511 1371 1539 curae
1390 1501 1427 1538 in
1447 1499 1572 1539 animo

269 1579 401 1635 Oedipi
444 1581 491 1622 ita
531 1580 776 1629 reviviscant,
821 1587 863 1622 ut
885 1582 963 1635 jam
990 1581 1231 1634 gravissimae
1256 1579 1380 1621 caedis
1408 1579 1573 1620 oblivisci

268 1660 436 1699 videatur
453 1658 521 1711 (2).

322 1739 383 1779 Sic
411 1741 510 1779 enim
539 1747 774 1794 praeparatur
801 1740 859 1779 illa
886 1739 1048 1792 agnitio,
1072 1752 1184 1793 quam
1215 1751 1262 1778 eo
1293 1738 1437 1778 enixius
1464 1738 1574 1789 flagi-

266 1824 347 1860 tant
385 1824 613 1874 spectatores
630 1853 639 1869 ,
678 1834 754 1875 quo
785 1820 902 1873 magis
932 1818 1088 1873 singulis
1118 1818 1242 1859 verbis
1273 1818 1398 1859 nuncii
1427 1817 1572 1859 acceie-

266 1899 335 1939 rari
367 1899 529 1941 videtur.
586 1899 785 1955 Postquam
823 1912 914 1939 vero
944 1899 1106 1940 narravit
1134 1911 1175 1939 se
1205 1897 1390 1953 Oedipum
1415 1899 1573 1953 pedibus

262 1982 471 2031 perforatis
508 1993 528 2019 a
566 1986 714 2033 pastore
743 1981 905 2034 quodam
933 1980 1013 2019 Laii
1042 1979 1253 2032 accepisse,
1281 1980 1573 2020 contremiscant

267 2071 402 2100 omnes
429 2072 584 2100 necesse
613 2065 670 2100 ωε
699 2059 947 2113 adspicientes
978 2059 1145 2101 Iocasten
1165 2059 1289 2113 paucis
1309 2059 1463 2113 quidem
1481 2072 1571 2100 ver-

266 2138 320 2179 bis
348 2138 413 2179 sed
442 2138 559 2180 multa
588 2138 883 2192 significantibus
907 2150 1038 2192 regem
1064 2138 1198 2179 frustra
1222 2144 1442 2179 monentem
1464 2145 1505 2179 ut
1526 2138 1571 2180 ab

267 2218 454 2260 horrenda
487 2219 793 2272 investigatione,
813 2219 850 2259 in
881 2233 952 2274 qua
975 2220 1051 2275 jam
1080 2219 1157 2260 sola
1187 2227 1368 2267 versatur,
1403 2219 1568 2262 desistat.

266 2297 559 2339 Scelestissime
596 2298 696 2338 enim
727 2298 888 2340 feminae
917 2301 955 2336 αἱ
983 2299 1138 2352 διάτοροι
1166 2300 1276 2346 daem?
1305 2302 1437 2337 ποδοῖν
1465 2299 1572 2342 1034

265 2376 407 2417 nullum
433 2376 588 2417 dubium
618 2377 869 2433 reliquerunt,
896 2379 986 2434 quin
1015 2393 1123 2420 suum
1146 2379 1262 2419 filium
1281 2379 1488 2434 adspiceret
1498 2379 1568 2434 (ὅ).

309 2569 361 2613 (1)
406 2569 489 2612 971,
512 2569 587 2605 972.
633 2570 726 2605 Conf.
749 2581 908 2614 enormi,
930 2572 1096 2615 Ariadne,
1120 2583 1153 2616 p.
1179 2575 1250 2607 168.

309 2626 361 2668 (2)
407 2626 497 2659 Conf.
519 2636 652 2669 Anum,
675 2628 781 2669 Pon„
805 2639 875 2670 cap.
901 2633 936 2662 11
957 2654 964 2669 ‚
992 2631 1029 2670 1,
1055 2631 1094 2672 2,
1117 2629 1157 2662 ad
1182 2629 1252 2661 h.1.
1271 2639 1411 2670 ιιι-ηας
1435 2639 1573 2675 anuum

266 2682 427 2723 nium,
452 2683 634 2716 ambiente
654 2684 711 2716 der
736 2684 867 2717 Heorta
887 2685 942 2716 dor
963 2684 1094 2726 Κισσεῦ,
1117 2685 1154 2718 Τ.
1174 2684 1220 2724 11,
1245 2695 1277 2726 p.
1306 2686 1387 2727 143,
1410 2694 1499 2728 seqq.

309 2736 365 2780 (3)
404 2737 546 2782 Egregie
567 2750 749 2781 musca,
774 2751 805 2784 p.
831 2743 912 2775 149:
953 2742 1017 2776 Dte
1040 2742 1164 2775 amau
1186 2742 1239 2772 des
1258 2751 1319 2772 von
1342 2742 1398 2774 ilar
1418 2743 1573 2774 ern-orde-

266 2796 317 2824 ten
337 2792 459 2825 Kindec
480 2793 585 2826 erhebt
605 2796 674 2828 siclo
695 2805 752 2828 vor
773 2796 865 2830 ihren
880 2796 996 2839 Auqm
1017 2798 1054 2831 ἐκ
1075 2797 1131 2829 der
1149 2797 1377 2838 erdulnblutm
1400 2798 1573 2832 Vin-kuch-
