1814 3190
887 306 937 350 41

261 456 354 498 rosis
411 457 691 510 conspiceretur
751 455 880 496 levitas
944 455 1127 510 quaedam
1189 456 1377 509 nimiaque
1429 454 1562 496 virium

259 534 395 577 fiducia
415 534 482 589 (l).
596 527 600 529 i

315 615 488 656 Carmine
535 613 640 654 chori
688 613 780 655 deos
817 614 1021 655 invocantis
1062 614 1275 657 151—215
1312 615 1563 657 admonentur

261 699 490 749 spectatores
518 705 648 734 eorum
676 707 696 734 a
723 693 855 749 quibus
883 693 973 734 solis
999 694 1172 735 auxilium
1201 701 1259 735 est
1277 695 1480 750 petendum
1490 693 1560 747 (2).

262 774 348 815 Mox
376 780 500 814 autem
540 787 618 814 non
657 775 739 815 sine
769 780 911 814 terrore
938 774 1132 815 decretum
1160 774 1251 815 illud
1278 775 1433 815 audiunt
1461 774 1561 829 quod

260 867 347 895 cum
374 855 473 908 regis
501 855 669 895 moribus
697 853 853 894 omnino
880 853 1056 895 convenit
1076 852 1128 907 (5)
1159 860 1238 895 tum
1267 867 1355 895 vero
1374 854 1493 908 ipsum
1513 867 1558 895 ex

260 933 442 975 altissimo
487 933 678 987 dignitatis
722 933 838 987 gradu
887 932 924 972 in
974 932 1225 986 gravissimam
1264 933 1466 987 perniciem
1502 939 1560 974 est

260 1014 593 1069 praecipitaturum.
649 1013 765 1060 Quam
794 1026 870 1068 quo
896 1014 1034 1054 certius
1061 1013 1224 1053 futuram
1248 1026 1330 1054 esse
1348 1013 1560 1067 intelligunt

259 1100 485 1152 spectatores
499 1126 509 1143 ,
552 1107 598 1135 eo
636 1093 784 1148 gravius
823 1100 1108 1153 commoventur
1134 1093 1289 1149 singulis
1319 1093 1440 1134 verbis
1469 1093 1562 1134 hor-

260 1176 380 1217 rendo
410 1177 525 1217 modo
556 1189 640 1217 vera
668 1175 963 1230 significantibus
981 1175 1050 1229 (4).

315 1256 408 1305 Quid
447 1270 536 1298 vero
574 1270 640 1298 eos
681 1257 820 1298 sentire
866 1268 1021 1297 necesse
1065 1262 1122 1297 est
1167 1270 1186 1296 a
1231 1268 1321 1309 rege
1366 1255 1561 1296 audientes

260 1344 474 1392 exspectare
512 1351 598 1377 eum
627 1337 806 1390 Apollinis
844 1336 1075 1377 sacerdotem
1104 1337 1380 1377 certissimum?
1435 1335 1531 1383 Quid
1547 1367 1557 1383 ,

260 1425 455 1474 postquam
503 1417 641 1472 prodiit
683 1416 840 1458 Tiresias
884 1423 985 1458 metu
1013 1416 1199 1470 agitatus,
1231 1429 1278 1456 ne
1309 1428 1395 1456 vera
1422 1417 1562 1471 aperiat

261 1500 486 1553 detegatque
528 1498 664 1538 scelera
686 1528 696 1544 ,
744 1497 878 1552 quibus
923 1496 1088 1553 Oedipus
1117 1502 1176 1538 est
1203 1509 1423 1552 oppressus,
1470 1495 1560 1552 quid

264 1585 461 1634 postquam
492 1580 628 1621 invitus
657 1579 846 1632 professus
874 1585 958 1619 est:

430 1711 533 1755 φονέα
558 1711 593 1744 σέ
617 1718 698 1754 φημι
722 1710 870 1753 τάνδρὸς
890 1709 930 1744 οὗ
952 1711 1065 1751 ζητεῖς
1085 1714 1198 1754 κυρεῖν
1213 1709 1306 1752 (362)

431 1849 618 1889 λεληθέναι
640 1848 675 1881 σέ
698 1855 780 1892 φημι
803 1849 869 1882 σὺν
892 1852 964 1887 τοῖς
986 1848 1163 1887 φιλτάτοις

427 1918 583 1960 αἶσχισ3’
607 1917 803 1960 ὀμιλοῦντ’,
826 1916 895 1951 οὐδ’
920 1917 1008 1961 ὁρᾶν
1027 1916 1075 1950 ἶν’
1099 1919 1128 1950 εἶ
1150 1918 1253 1950 κακοῦ
1277 1917 1490 1959 (366—367).

313 2051 486 2093 Profecto
529 2051 618 2093 haec
646 2066 757 2094 scena
786 2053 970 2105 aptissima
999 2061 1057 2094 est
1083 2052 1129 2093 ad
1159 2052 1309 2093 animos
1338 2052 1562 2106 perturban-

258 2131 353 2180 dos;
394 2132 531 2172 nullius
559 2131 713 2185 culpae,
746 2131 883 2172 nullius
911 2132 1062 2172 sceleris
1091 2144 1155 2172 rex
1183 2131 1355 2173 conscius
1384 2132 1556 2180 videtur,

259 2219 296 2252 et
336 2217 460 2252 tamen
502 2211 612 2252 verba
659 2211 820 2252 Tiresiae
858 2212 1053 2267 perspicua
1081 2218 1191 2261 sunt;
1229 2218 1303 2253 tam
1331 2212 1561 2253 conveniunt

300 2407 353 2451 (1)
395 2408 449 2441 Sic
470 2409 557 2441 enim
578 2407 643 2449 jam
665 2409 707 2442 ab
729 2409 824 2441 initio
845 2407 986 2451 Oedipus
1008 2409 1231 2451 spectaculum
1249 2409 1427 2451 praeberet
1442 2410 1562 2450 inuqn‘

258 2464 321 2495 viri
345 2464 550 2496 necessitatis
573 2463 698 2506 laqueis
721 2464 843 2496 irretiti
865 2469 896 2496 et
919 2464 1038 2497 frustra
1059 2470 1171 2497 contra
1189 2473 1262 2497 eam
1282 2466 1446 2498 luctantis.
1468 2464 1560 2504 Quod

258 2523 415 2561 quantum
437 2528 455 2550 a
479 2527 557 2550 vera
580 2519 766 2561 tragoediae
788 2525 902 2552 natura
925 2519 1032 2561 absit,
1067 2530 1131 2553 non
1153 2525 1204 2552 est
1227 2520 1314 2563 quod
1337 2529 1562 2563 exponamus3

259 2575 301 2608 cf.
323 2585 451 2617 amem,
473 2575 578 2616 Post„
607 2577 643 2607 13
669 2576 698 2607 2.
722 2575 762 2608 οὐ
785 2576 855 2618 γὰρ
879 2575 1028 2618 φοβερὸν
1052 2575 1127 2609 οὐδὲ
1151 2576 1301 2609 ἐλεεινὸν
1324 2578 1446 2618 τοῦτο,
1469 2575 1566 2608 ἀλλὰ

259 2630 388 2674 μιαρόν
409 2630 515 2664 ἐστιν.

302 2685 354 2730 (2)
396 2687 486 2720 Gonf.
510 2687 663 2729 inprimis
689 2691 749 2722 165
772 2694 806 2721 et
831 2691 903 2721 166.

304 2742 357 2785 (3)
400 2742 530 2776 Confer.
554 2752 637 2785 quae
658 2744 896 2786 disputavimus
910 2768 919 2786 ‚
943 2754 1017 2787 pag.
1040 2745 1080 2777 23
1096 2769 1104 2785 ,
1127 2746 1178 2777 24.

303 2796 354 2841 (4)
397 2798 488 2831 conf.
510 2809 541 2831 v.
565 2800 648 2841 219,
672 2800 758 2842 220,
782 2801 867 2841 230,
893 2801 954 2832 244
968 2822 978 2839 ,
1001 2801 1087 2841 245,
1111 2801 1174 2833 263
1188 2823 1197 2841 ,
1221 2801 1301 2839 260,
1328 2801 1402 2832 266.
