1814 3190
892 248 946 293 30

240 394 315 436 vcui
360 408 514 436 omnem
544 395 682 437 debent
712 397 889 445 satutem,
930 409 1067 438 omnes
1097 397 1175 438 fere
1204 397 1388 440 tolluntur
1419 398 1571 440 dubita-

260 477 383 517 tiones
401 476 474 531 (1).

314 557 397 595 Jam
427 555 589 609 suspicio
619 556 666 595 de
694 555 867 596 Creontis
895 555 1110 609 proditione
1138 556 1287 598 altiores
1305 558 1380 611 egit
1402 557 1569 606 radices,

257 649 367 690 quam
406 648 500 690 quae
536 635 761 689 gravissimis
790 634 997 677 sacerdotis
1027 635 1339 677 admonitionibus
1370 635 1567 691 exstirpari

259 716 402 770 possint
421 714 490 769 (2).
539 715 638 757 Haec
667 716 848 769 suspirie,
877 716 1002 756 subito
1031 717 1342 770 concepta‚·regi
1371 729 1418 757 eo
1450 716 1568 769 magis

259 797 349 836 vitio
378 802 436 837 est
465 796 608 846 danda,
635 810 712 851 quo
741 796 902 837 arctiore
930 798 1112 837 amicitiae
1132 797 1280 837 vinculo
1300 810 1386 837 cum
1406 796 1570 838 Creonte

259 885 337 920 erat
364 880 598 933 conjunctus.
655 878 741 919 Erat
769 879 870 919 enim
901 878 1023 919 Creon
1054 879 1151 931 regis
1181 877 1428 918 amicissimus
1460 877 1568 917 terti-

258 973 377 1015 usque
413 960 450 1000 in
488 960 635 1000 civitate
678 960 899 1015 adscriptus,
957 960 1075 1000 Tanta
1115 957 1299 1012 gaudebat
1327 957 1566 1006 auctoritate,

258 1044 300 1078 ut
331 1052 397 1091 per
425 1039 545 1092 ipsum
576 1041 702 1079 omnia
729 1039 827 1079 cives
853 1047 1187 1093 consequerentur.
1235 1038 1438 1079 profitetur
1458 1039 1562 1092 ipse:

474 1135 540 1165 νῦν
561 1134 648 1165 πᾶσι
671 1132 799 1175 χαίρω,
821 1135 888 1166 νῦν
909 1113 951 1174 μέ
972 1134 1043 1171 πᾶς
1065 1132 1257 1169 ἀσπάζεται

473 1203 539 1235 νῦν
559 1201 591 1235 οἱ
614 1201 714 1235 σέθεν
737 1200 927 1245 χρῄζοντες
949 1200 1215 1234 αἰκάλλουσί
1236 1212 1288 1243 με.

472 1271 512 1303 τὸ
535 1271 604 1314 γὰρ
627 1274 746 1313 τυχεῖν
768 1271 894 1309 αὐτοὺς
917 1268 1043 1303 ἅπαντ’
1068 1267 1205 1302 tvraw
1229 1268 1280 1301 ἔνι
1295 1268 1358 1312 (3).

310 1352 515 1394 Creontem
533 1351 655 1393 soium
676 1353 831 1406 dignum
846 1352 1043 1407 judicavit,
1073 1351 1135 1406 qui
1155 1365 1174 1391 a
1193 1351 1266 1391 deo
1285 1350 1537 1391 sciscitaretur
1553 1381 1563 1397 ‚

255 1444 351 1485 quae
388 1431 455 1472 sibi
495 1432 703 1486 populoque
731 1432 889 1473 salutem
918 1438 981 1472 aut
1009 1431 1213 1485 perniciem
1242 1431 1393 1471 allatura
1423 1437 1561 1471 essent.

255 1510 390 1551 Eidem
419 1511 611 1559 suadenti,
641 1517 684 1551 ut
716 1511 895 1552 Tiresiam
925 1517 1132 1552 accesseret
1160 1510 1274 1551 fidem
1299 1509 1438 1551 habuit.
1478 1509 1562 1550 Mox

256 1603 346 1631 vero
375 1591 455 1632 eius
484 1591 630 1632 animus
660 1593 709 1631 ita
738 1592 786 1631 de
814 1597 912 1632 statu
934 1591 1117 1644 dejicitur.
1150 1599 1191 1632 ut
1209 1605 1286 1631 uno
1305 1590 1419 1631 verbo
1438 1604 1564 1631 sacer-

254 1669 354 1710 dotis
382 1671 419 1710 in
449 1671 673 1711 contrarium
706 1683 834 1711 versus
865 1677 1031 1710 veterem
1061 1669 1294 1722 amicumffi)
1332 1670 1564 1725 turpissimae

254 1751 475 1804 proditionis
514 1754 675 1792 accuset.
736 1751 819 1791 Non
848 1764 976 1792 secum
1007 1756 1174 1805 reputat,
1217 1759 1450 1806 quantopere
1481 1750 1563 1791 talis

253 1831 415 1885 proditio
444 1845 463 1871 a
484 1831 656 1872 Creontis
684 1832 848 1872 moribus
867 1831 1088 1880 abhorreat,
1119 1833 1185 1873 sed
1206 1846 1293 1874 eum
1306 1865 1315 1881 ‚
1335 1833 1560 1887 priusquam

253 1925 294 1954 se
323 1912 529 1953 defendere
557 1914 695 1966 possit,
727 1912 862 1954 talibus
892 1914 1068 1954 incessit:

472 2006 573 2047 οὗτος
596 2006 659 2049 σύ,
682 2008 757 2045 πῶς
778 2004 866 2049 δεῦρ’
888 2005 1014 2046 ἣλὲεςη
1040 2006 1061 2046 ἦ
1084 2004 1217 2038 τοσόνδ’
1239 2005 1329 2048 ἔχεις
1340 2003 1392 2048 (6)

469 2076 601 2119 τόλμης
622 2074 812 2118 πρόσωπον
834 2075 920 2108 ὥστε
944 2076 1008 2114 τὰς
1030 2075 1115 2118 ἐμὰς
1136 2074 1262 2118 στέγας

466 2144 561 2187 ἰ’κον,
588 2145 709 2187 φονεὺς
731 2145 780 2176 ὢν
802 2142 900 2175 τοῦδε
923 2142 1073 2185 τάνδρὸς
1094 2143 1251 2185 ἐμφανῶς

469 2213 606 2258 λῃστής
628 2212 656 2246 τ’
679 2213 833 2256 ἐναργὴς
854 2214 918 2252 τῆς
940 2213 1026 2255 ἐμῆς
1049 2210 1254 2255 τυραννίδος
1264 2221 1280 2249 ;
1300 2210 1518 2254 (632-635).

297 2353 346 2395 (1)
391 2352 577 2386 483—511.
630 2350 721 2384 Conf.
764 2359 1024 2393 scnnlnnwm3
1060 2359 1204 2391 rmus,
1241 2347 1481 2390 motoqumena
1503 2348 1557 2382 So-

243 2410 391 2450 phoclea,
415 2419 446 2450 p.
475 2411 536 2450 143
561 2416 769 2448 sonui-rm,
800 2406 894 2438 vehor
915 2407 974 2438 den
999 2406 1175 2447 traqiachen
1200 2405 1282 2437 Ultor
1303 2405 1352 2437 bet·
1372 2404 1558 2446 Sopholclee,

251 2475 282 2507 p.
308 2463 347 2498 27
363 2489 372 2506 ,
396 2464 470 2496 adn.
499 2466 525 2496 1.

291 2521 345 2563 (2)
390 2520 587 2560 408—428‚
610 2520 697 2560 438,
720 2521 796 2551 442.

288 2576 343 2621 (3)
385 2579 465 2618 596,
502 2586 572 2619 sqq.
616 2575 708 2608 Cont'.
744 2587 774 2609 r.
807 2579 963 2615 mensa,
985 2575 1035 2606 die
1057 2573 1153 2614 soph.
1181 2572 1284 2606 neae.
1308 2584 1339 2605 u.
1365 2572 1500 2615 Euhie,
1524 2583 1557 2615 p.

246 2635 312 2676 473
335 2643 459 2666 razon.
482 2641 573 2664 xocx
587 2656 596 2672 ,
620 2631 716 2670 δορὴ.
740 2631 894 2670 Studien,
919 2641 949 2673 p.
975 2632 1025 2662 43.

291 2688 341 2731 (4)
387 2688 460 2720 385.
506 2687 582 2718 τὸν
605 2685 645 2722 ἐξ
666 2685 812 2728 ἀρχῆς
833 2686 974 2729 φίλον.

292 2742 341 2787 (6)
385 2743 535 2785 musam
560 2739 695 2774 τοσόνδ’
719 2741 808 2783 ἔχεις
831 2740 1017 2774 emendavit
1041 2749 1170 2773 mucx.
