1814 3190
869 319 923 360 45

247 481 396 510 servum
415 468 539 509 videre
562 467 660 522 cupit
688 466 752 521 qui
773 465 862 506 tales
883 465 1013 520 sparsit
1032 477 1217 513 rumores,
1250 464 1428 519 solusque
1447 464 1551 505 testis

246 549 370 591 caedis
417 549 569 590 relictus
616 555 688 589 est.
762 546 869 594 Quod
906 551 1106 600 postquam
1141 559 1183 586 se
1222 546 1435 587 effecturam
1467 558 1549 586 esse

248 628 415 682 promisit
447 628 585 668 Iocaste
609 626 664 680 (1)
708 639 772 666 rex
799 638 904 665 suam
935 631 1058 666 narrat
1086 625 1300 672 historiam,
1342 631 1381 665 ut
1409 624 1552 665 int-eili—

249 714 341 762 gant
369 721 502 749 omnes
518 741 527 758 ‚
557 721 644 749 eum
675 720 750 747 non
779 707 860 747 sine
886 719 996 747 causa
1025 706 1157 760 agitari
1184 707 1282 746 euris
1309 705 1549 759 gravissimis.

246 788 348 836 Quae
390 789 547 829 narratio
565 787 620 841 (2)
667 795 844 843 quantam
888 789 962 827 vim
1003 787 1178 839 tragicam
1220 786 1375 833 habeat,
1423 785 1550 847 dicere

250 870 311 910 vix
349 882 559 923 possumus.
616 858 794 910 Summae
823 869 924 909 enim
956 869 1024 908 arti
1054 873 1183 922 poetae
1212 865 1419 913 debemus,
1448 864 1550 919 quod

249 948 322 991 hoc
360 949 443 991 loco
482 952 581 1004 regis
621 950 732 990 vitam
775 949 1010 1003 praeteritam
1040 949 1092 988 sic
1122 949 1336 995 intuemur,
1375 954 1416 987 ut
1445 947 1548 1000 quasi

250 1040 425 1082 praesens
453 1028 567 1069 oculis
597 1040 664 1067 nos
692 1035 869 1074 moneat,
900 1027 1108 1067 cavendum
1137 1039 1220 1067 esse
1248 1025 1389 1066 homini
1409 1038 1458 1066 ne
1477 1025 1552 1065 im-

249 1107 415 1161 prudens
458 1107 600 1148 labatur
631 1106 700 1161 (5).
768 1107 890 1154 Quum
931 1107 1032 1147 enim
1060 1107 1222 1146 sentiant
1248 1112 1480 1160 spectatores
1508 1119 1550 1146 se

251 1186 288 1225 in
335 1186 446 1227 simili
487 1200 598 1227 causa
625 1187 757 1227 eadem
787 1186 944 1227 facturos
972 1185 1085 1225 fuisse
1112 1185 1300 1238 agitantur
1328 1192 1454 1234 metu,
1500 1198 1548 1226 ne

248 1265 317 1306 sihi
355 1266 553 1321 aliquando
591 1266 709 1307 semel
744 1267 792 1306 de
836 1267 892 1306 via
930 1265 1186 1307 aberrantibus
1224 1266 1369 1320 integra
1397 1266 1546 1307 excidat

249 1347 365 1395 ratio,
403 1359 525 1401 eoque
564 1353 666 1387 metu
708 1352 863 1400 augetur
893 1346 1161 1395 misericordia,
1203 1360 1299 1401 quae
1323 1348 1400 1402 jam
1429 1349 1548 1401 magis

248 1428 438 1481 magisque
488 1427 680 1468 excitatur.
723 1449 777 1458 —
814 1426 919 1467 Nulla
957 1427 1057 1467 enim
1097 1429 1240 1468 ratione
1278 1441 1360 1468 eam
1399 1429 1546 1481 gravius
1585 1459 1587 1461 f

246 1519 398 1546 movere
444 1507 626 1560 potuisset
669 1512 778 1559 poeta
823 1519 937 1560 quam
981 1506 1118 1546 femina
1147 1506 1205 1546 illa
1236 1506 1445 1547 inducenda
1466 1536 1476 1555 ,
1508 1506 1547 1546 in

245 1597 357 1639 quam
405 1585 536 1626 recidit
582 1586 749 1626 omnium
790 1599 897 1627 causa
926 1586 1130 1635 malorum,
1170 1600 1190 1627 a
1219 1589 1324 1628 cuius
1352 1587 1542 1642 impietate

244 1665 375 1706 oculos
416 1665 681 1719 indignabundi
720 1666 946 1715 avertimus,
993 1671 1036 1707 ut
1077 1667 1113 1706 in
1144 1679 1230 1706 eum
1259 1672 1545 1716 convertantur,

244 1759 354 1800 quem
404 1746 484 1787 sine
528 1746 659 1786 dolore
697 1746 886 1800 adspicere
914 1759 991 1785 non
1021 1758 1234 1800 possumus.
1293 1745 1414 1793 Quum
1445 1746 1546 1785 enim

242 1826 446 1867 exclamat:
488 1826 545 1876 ἆρ’
584 1827 679 1875 ἔφυν
706 1828 838 1875 κακόςς
875 1827 921 1878 ἂρ’
949 1828 1042 1877 οὐχί
1065 1826 1137 1865 orfis-
1165 1828 1325 1877 ἅναηνος·
1347 1826 1398 1880 (4)
1429 1828 1548 1868 nescit

240 1908 384 1962 culpam
414 1907 491 1948 Laii
526 1906 638 1948 caede
664 1914 913 1956 contractam,
963 1907 1185 1949 levissimam
1216 1920 1302 1949 esse
1337 1921 1425 1963 prae
1463 1908 1522 1949 ina
1538 1940 1548 1957 ,

243 2002 315 2043 qua
359 1990 436 2042 jam
486 1994 541 2028 tot
587 2002 706 2029 annos
750 2002 950 2043 oppressus
997 1996 1086 2038 est,
1134 2002 1256 2043 neque
1290 1991 1469 2043 praesagit
1506 2004 1546 2031 se

244 2068 366 2122 ipsum
407 2075 511 2108 ortus
553 2067 615 2108 sui>
657 2067 924 2121 turpitudinem
957 2081 1043 2108 mox
1077 2067 1115 2107 in
1153 2068 1272 2109 lucem
1310 2069 1544 2122 prolaturum

244 2160 337 2190 esse.
367 2171 421 2178 —
450 2147 557 2195 Quod
585 2161 662 2202 quo
700 2147 809 2189 citius
843 2148 1010 2189 futurum
1046 2161 1130 2190 esse
1166 2154 1395 2203 spectatores
1431 2150 1541 2190 intel-

288 2370 340 2414 (1)
383 2371 468 2413 786,
492 2371 576 2414 769,
600 2371 674 2406 770.

288 2427 342 2472 (2)
384 2427 566 2463 ’ΠΙ-833.

288 2484 337 2529 (3)
382 2485 473 2518 Conf.
488 2510 496 2526 ‚
519 2495 550 2527 p.
577 2486 711 2517 18—20.

287 2540 338 2584 (4)
383 2541 420 2574 V.
458 2543 532 2574 823.
589 2540 673 2573 Vere
708 2550 969 2582 sonunmxwm,
1006 2540 1212 2582 Einleitunq,
1248 2550 1320 2584 pag.
1362 2543 1420 2574 11:
1471 2541 1554 2584 Ans

235 2598 339 2638 jodam
371 2597 529 2638 Salariae,
564 2597 622 2628 den
661 2597 795 2636 Oedipus
826 2597 883 2629 der
926 2598 1092 2630 Walarloeit
1128 2598 1230 2630 milm-
1251 2599 1344 2638 that,
1381 2599 1472 2629 weiss
1492 2600 1548 2629 der

243 2652 379 2684 Dichter
413 2652 472 2683 dm
507 2651 600 2689 ἔλεος
632 2652 701 2683 und
731 2651 839 2695 φόβος
875 2652 928 2683 dee
959 2652 1152 2688 Ztaachauers
1184 2663 1243 2684 von
1264 2653 1425 2685 Monam
1447 2663 1544 2685 mu·

243 2717 393 2747 spasmon.
437 2707 556 2740 Immer
589 2708 668 2741 noch
703 2708 783 2740 alam
821 2708 955 2748 Oedipus
976 2718 1040 2740 nur
1061 2709 1112 2740 dio
1131 2709 1287 2751 quinam
1306 2709 1427 2751 ffllste
1447 2711 1547 2741 nim

251 2763 372 2796 Umaee.
417 2763 510 2799 Conf.
531 2774 567 2798 ιι.
590 2773 740 2798 scamm-
753 2790 762 2807 ,
793 2764 845 2797 die
866 2763 1000 2797 Einheit
1033 2765 1088 2797 der
1108 2765 1286 2807 Hanazunq
1318 2767 1363 2799 im
1384 2765 1429 2800 K.
1455 2766 1545 2799 Oedi-

236 2830 319 2863 ραι,
342 2830 376 2863 p.
398 2822 428 2853 8.
