1814 3190
852 254 904 296 58

278 399 373 439 Talia
401 399 639 441 audientibus
668 400 766 442 nulla
794 406 896 442 certe
925 399 1106 442 dubitatio
1134 414 1217 443 esse
1246 407 1400 457 potest,
1442 401 1530 455 quiu

222 478 352 532 optimi
392 479 459 519 viri
500 479 700 534 imaginem
744 484 850 534 poeta
893 481 1141 535 proposuerit.
1199 480 1527 528 Quemadmodum

225 557 329 598 initio
360 560 574 612 tragoediae
604 564 832 613 spectatores
860 573 987 600 amore
1010 560 1209 615 capiuntur
1226 560 1346 615 regis,
1376 566 1532 614 paterno

222 640 345 679 studio
384 640 513 694 populi
551 640 658 680 saluti
703 639 982 694 prospicientis,
1022 639 1075 679 sic
1103 639 1148 680 ad
1178 647 1385 681 extremum
1415 652 1533 694 usque

222 731 265 758 ea
296 719 549 760 misericordia
580 724 801 768 moventur,
832 733 903 774 qua
932 718 1003 759 sibi
1031 721 1135 774 quasi
1163 733 1249 761 cum
1279 725 1380 775 patre
1396 720 1532 761 afflicto

222 798 342 847 mala,
371 799 505 854 quibus
533 813 734 855 oppressus
761 804 841 848 est,
872 799 940 854 ipsi
970 800 1112 854 perpeti
1140 800 1326 840 videntur.
1347 823 1400 831 —-
1429 799 1531 848 Quae

222 879 341 927 mala,
386 893 463 934 quo
506 881 624 932 magis
664 879 812 933 culpam
841 893 1016 932 superare
1044 879 1238 928 videntur,
1274 892 1321 919 ex
1349 893 1420 934 qua
1449 884 1529 919 orta

222 963 329 1005 sunt,
373 971 419 999 co
449 959 594 1011 gravius
618 959 870 999 admonentur
898 965 1151 1013 spectatores,
1193 958 1335 999 homini
1362 960 1530 1014 quamvis

222 1050 406 1090 generosa
436 1038 561 1078 indole
589 1038 758 1091 praedito
786 1039 996 1078 cavendum
1027 1051 1128 1087 esse,
1158 1052 1206 1079 ne
1235 1039 1346 1079 animi
1377 1046 1530 1092 pertur-

220 1117 371 1158 batione
401 1118 573 1172 abreptus
601 1125 640 1158 et
668 1118 744 1158 suis
773 1117 889 1158 frctus
917 1118 1053 1159 viribus
1084 1119 1220 1160 inscius
1248 1126 1285 1160 et
1314 1118 1530 1172 imprudens

218 1197 315 1250 (οὔθ’
353 1197 447 1246 ὁρῶν
485 1197 564 1235 οὔθ’
591 1198 764 1247 ἱστορῶν)
792 1197 828 1236 in
859 1198 1112 1250 gravissimam
1141 1198 1282 1240 incidat
1311 1199 1527 1253 perniciem.

223 1276 302 1323 Qua
342 1277 600 1330 cogitatione,
642 1277 710 1317 toti
749 1278 891 1318 fabulae
929 1279 1034 1333 quasi
1063 1280 1255 1333 subJecta,
1299 1280 1397 1321 nulla
1425 1286 1528 1320 certe

222 1359 341 1410 magis
369 1364 426 1398 est
445 1357 720 1398 accommodata
738 1357 784 1398 ad
803 1359 1075 1400 commotiones
1094 1360 1173 1401 ilias
1194 1360 1403 1408 leniendas,
1433 1373 1529 1415 quae

222 1442 350 1476 nostra
399 1437 588 1490 tragoedia
607 1468 616 1485 ,
666 1451 756 1491 prae
801 1439 958 1486 ceteris,
1007 1439 1043 1478 in
1092 1440 1224 1480 animis
1272 1446 1528 1495 spectatorum

221 1515 443 1557 excitantur.

218 2283 306 2315 ficari
338 2284 498 2316 videntur.
543 2284 613 2316 Jain
649 2284 756 2317 locum
791 2286 838 2317 sic
871 2286 1045 2318 obscurum
1079 2293 1153 2316 esse
1184 2289 1274 2316 recte
1296 2285 1526 2318 animadvertit

217 2347 478 2381 scummzwm,
511 2344 712 2382 quapropter·
747 2340 878 2382 scripsit
901 2339 1012 2372 τοῖσδε
1035 2343 1117 2378 τοῖς.
1163 2340 1242 2379 Τοῖς
1265 2341 1358 2383 ἐμοῖς
1381 2343 1524 2375 restituit

215 2404 352 2435 Μυοκς
377 2405 436 2436 pro
460 2396 622 2437 γονεῦσιν
641 2395 782 2435 conjecit
804 2406 918 2428 anun-1·
942 2395 1152 2438 γαμβροῖσιν
1173 2396 1259 2438 quod
1285 2402 1423 2438 propter
1441 2399 1524 2429 1602

215 2459 278 2481 non
301 2450 515 2492 probandum.
562 2451 785 2484 {innuamus
806 2460 866 2483 suo
889 2451 988 2483 modo
1014 2451 1121 2483 iocum
1144 2451 1188 2482 ita
1213 2452 1418 2485 emendavit:

428 2504 557 2536 τοιαῦτ’
579 2504 712 2546 ὀνείδη,
735 2505 953 2547 λαμβάνων,
977 2507 1000 2536 ἃ
1023 2509 1096 2543 τοῖς
1121 2505 1262 2548 γάμοις,

431 2562 592 2602 γονεῦσιν
613 2560 709 2594 ἔσται
731 2563 826 2605 σφῷν
846 2561 879 2594 8⁹
902 2561 986 2604 ὁμοῦ
1007 2560 1249 2605 ’κμεμαγμένω

214 2615 356 2647 Probata
389 2625 646 2649 scunmnnwm1
678 2618 905 2650 emendatione
929 2619 1151 2659 interpretor:
1179 2619 1209 2650 in
1234 2623 1362 2660 partem
1385 2619 1523 2650 veniens

211 2669 438 2713 dedecorum,
473 2680 556 2714 quae
590 2673 710 2705 vestris
744 2673 796 2705 his
831 2673 1022 2715 parentibus
1055 2677 1088 2705 et
1120 2673 1237 2705 vobis.
1253 2673 1349 2706 simut
1383 2674 1522 2706 exitiosa

216 2731 321 2759 erunt.
