1814 3190
883 286 936 330 29

259 436 463 479 Creontem
492 436 584 477 baec
612 433 736 475 omnia
764 447 850 475 cum
879 433 1015 475 Tiresia
1041 433 1212 475 molitum
1242 448 1350 486 csse,
1384 442 1422 477 ut
1444 448 1564 490 regno

260 519 424 572 potiatur
453 530 576 572 neque
605 529 714 557 aures
743 515 894 569 praebet
923 515 1083 555 Tiresiae
1111 517 1283 556 monenti
1311 515 1422 570 (579)

474 648 594 691 Κρέων
616 647 649 681 δέ
673 660 726 681 σοι
748 647 835 689 πῆμ’
859 646 977 689 οὐδέν,
999 646 1081 680 ἀλλ’
1105 647 1212 685 αὐτὸς
1234 648 1275 680 σὺ
1298 649 1352 680 σοί
1367 673 1376 690 ,

258 743 326 784 sed
364 743 473 783 novis
502 742 700 794 indulgens
729 740 1002 794 suspicionibus
1030 753 1093 780 eas
1121 740 1217 779 solas
1246 752 1352 780 veras
1381 752 1465 779 esse
1495 740 1561 780 sibi

258 823 471 878 persuadet.

314 902 442 957 ltaque
471 915 548 942 non
578 901 743 949 dubitat,
773 901 864 954 quin
893 900 1038 948 Creon,
1069 899 1225 940 amicitia
1255 906 1292 940 et
1313 900 1387 941 fide
1408 900 1557 949 violata,

258 995 346 1023 eum
392 983 636 1023 subornatum
683 981 846 1028 miserit,
892 993 1005 1034 quem
1048 981 1122 1034 jam
1164 981 1337 1021 callidum
1383 982 1560 1021 dolorum

257 1062 435 1103 artificem
475 1062 661 1117 appellare
701 1075 776 1102 non
817 1061 1033 1102 reformidat
1051 1062 1121 1114 (1).
1180 1060 1354 1101 Profecto
1385 1062 1561 1115 indigna-

255 1142 400 1183 tionem
440 1149 564 1182 movet
602 1141 769 1195 superbia
789 1173 797 1187 ‚
837 1154 908 1194 qua
939 1153 1004 1180 rex
1033 1141 1253 1180 sanctissimi
1283 1143 1375 1182 vatis
1403 1127 1560 1182 munere

255 1227 381 1275 spreto
420 1235 523 1262 suam
551 1222 767 1275 sapientiam
800 1220 1024 1262 vaticinandi
1052 1221 1119 1260 arti
1148 1222 1365 1275 anteponit;
1397 1222 1559 1283 probare

255 1314 332 1341 non
379 1315 576 1356 possumus
623 1300 886 1354 gloriationem
903 1330 913 1347 ,
958 1313 1029 1354 qua
1077 1313 1141 1339 sua
1185 1313 1226 1340 se
1257 1300 1453 1354 prudentia
1481 1301 1559 1340 sola

253 1382 439 1422 civitatem
470 1381 644 1421 liberasse
673 1381 859 1434 praedicat
878 1378 948 1432 (2).
1008 1380 1140 1434 Neque
1168 1380 1235 1434 ipsi
1262 1381 1361 1420 cives
1385 1380 1558 1434 principis

253 1475 382 1503 amore
420 1461 620 1515 flagrantes
658 1466 696 1501 et
735 1467 837 1501 metu
866 1461 1061 1514 impediti,
1105 1472 1153 1500 ne
1182 1459 1308 1501 dicant
1336 1460 1437 1515 quod
1467 1473 1557 1501 sen-

253 1541 372 1590 tiunt,
413 1542 510 1595 regis
540 1540 765 1581 iracundiam
795 1539 1005 1594 improbare
1033 1552 1110 1579 non
1140 1547 1300 1593 possunt
1320 1539 1388 1593 (5).
1420 1552 1421 1555 ’
1445 1540 1554 1587 Quod

250 1633 296 1660 eo
325 1620 441 1671 magis
469 1619 513 1659 ad
543 1618 675 1672 Oedipi
704 1632 827 1658 mores
857 1619 1114 1672 dijudicandos
1144 1620 1265 1668 valet,
1299 1632 1374 1674 quo
1404 1620 1554 1674 longius

250 1699 399 1746 absunt,
432 1705 474 1738 ut
503 1699 582 1738 eius
609 1699 753 1751 culpam
781 1705 1000 1751 agnoscant.
1041 1699 1321 1738 Fluctuantibus
1339 1700 1437 1739 enim
1458 1701 1554 1740 inter

249 1793 351 1833 spem
390 1785 428 1818 et
458 1785 597 1818 metum
627 1778 840 1831 persuaderi
870 1791 946 1817 non
977 1785 1103 1831 potest
1132 1785 1236 1818 tanto
1266 1780 1405 1819 scelere
1434 1779 1550 1820 Oedi-

249 1871 338 1912 pum
379 1871 461 1898 esse
497 1858 702 1912 pollutum,
745 1859 970 1912 tandemque
1010 1872 1156 1899 summa
1185 1860 1338 1900 caritate
1367 1861 1405 1900 in
1436 1874 1550 1909 eum,

292 2045 343 2090 (1)
386 2046 440 2080 Vs.
464 2045 526 2081 387
549 2055 618 2089 sqq.
662 2044 756 2088 ὑφεὶς
777 2044 891 2087 μάγον
911 2043 1043 2078 τοιόνδε
1065 2045 1338 2089 μηχανορράφον

661 2100 779 2131 δόλιον
800 2099 975 2142 ἀγύρτην,
999 2099 1094 2137 ὅστις
1116 2100 1154 2131 ἐν
1176 2104 1250 2137 τοῖς
1272 2100 1423 2142 κέρδεσιν

660 2155 770 2199 μόνον
793 2154 940 2198 δέδορκε,
964 2156 1029 2195 τὴν
1051 2149 1188 2198 τέχνην.
1203 2155 1231 2189 δ’
1254 2156 1313 2200 ἔφυ
1335 2158 1470 2201 τυφλός.

290 2213 344 2254 (2)
387 2213 441 2244 VS.
466 2214 538 2244 396.
969 2210 1052 2242 ἀλλ’
1073 2210 1137 2253 ἐγὼ
1159 2211 1278 2252 μολών

590 2266 609 2300 ὁ
630 2265 737 2310 μηδὲν
760 2265 854 2305 εἰδὼς
874 2263 1036 2305 Οἰδίπους
1049 2294 1057 2310 ,
1080 2266 1216 2300 ἔπαυσά
1237 2279 1294 2300 νιν

593 2323 711 2364 γνώμῃ
734 2323 885 2364 κυρὴσας
906 2322 974 2354 οὐδ’
997 2323 1057 2355 ἀπ’
1081 2323 1211 2355 οἰωνῶν
1231 2324 1365 2364 μαθών.

250 2379 343 2413 Cons.
365 2383 480 2411 contra
503 2378 604 2411 verba
628 2378 806 2410 sacerdotis
828 2379 892 2418 38,
916 2380 976 2411 39:
1042 2377 1158 2410 ἀλλὰ
1191 2377 1423 2421 προσθήκῃ
1451 2379 1550 2412 θεοῦ

591 2433 681 2476 λέγει
703 2433 831 2473 νομίζει
852 2433 886 2464 θ’
909 2432 995 2475 ἡμῖν
1019 2432 1170 2475 ὀρθῶσαι
1191 2433 1282 2474 βίον.

247 2490 409 2522 Lmntmo
442 2497 626 2530 Bnouwnn,
658 2489 774 2520 Proeve
788 2511 797 2526 ,
821 2499 850 2530 p.
873 2490 935 2520 46:
982 2488 1209 2529 Hooqmoediqe
1229 2498 1268 2519 en
1289 2489 1449 2520 verblinde
1470 2493 1551 2521 ster-

247 2547 379 2586 velinq!
399 2555 450 2576 zoo
471 2543 596 2585 verhqft
615 2553 652 2585 qe
672 2555 694 2576 u
715 2554 755 2583 op
777 2545 878 2585 eiqene
898 2543 1062 2583 wischeid,
1086 2553 1123 2575 en
1146 2544 1249 2584 beaepot
1270 2546 1307 2576 de
1329 2546 1478 2576 dienaren
1499 2547 1554 2577 der

246 2602 363 2643 qoden,
395 2602 474 2632 wier
503 2600 652 2641 raadelaq
683 2601 732 2642 μὴ’
756 2602 824 2631 niet
854 2600 996 2631 doorziet.
1042 2599 1181 2640 Helaae,
1216 2602 1267 2632 die
1286 2601 1386 2641 zelfde
1407 2601 1555 2640 wiieheid

248 2656 335 2698 heeft
355 2667 378 2688 u
400 2656 546 2687 bedorven
568 2665 605 2687 en
626 2657 663 2688 de
684 2656 860 2696 vreuelv‘ke
878 2656 1058 2696 qodopraak
1078 2657 1113 2687 in
1134 2668 1156 2688 u
1177 2657 1313 2689 ver-vuld.

287 2712 341 2753 (3)
384 2713 457 2743 405.
503 2709 550 2742 δεῖ
573 2709 644 2743 δὀὐ
669 2711 850 2751 τοιούτων,
874 2709 956 2744 ἀλλ’
978 2711 1072 2749 ὅπως
1096 2712 1139 2743 τὰ
1163 2714 1223 2743 τοῦ
1245 2702 1325 2743 θεοῦ

505 2767 638 2809 μαντεῖ’
659 2766 784 2811 ἄριστα
807 2768 976 2810 λύσομεν,
998 2767 1073 2800 τόδε
1097 2770 1248 2801 σκοπεῖν.
