1814 3190
903 232 929 273 2

313 377 372 420 Ad
392 377 687 420 misericordiam
705 383 831 419 autem
853 379 1080 420 movendam
1101 393 1255 422 necesse
1276 387 1347 429 est,
1370 385 1412 421 ut
1428 379 1572 434 prima-

257 458 307 497 ria
340 471 496 510 persona
528 465 682 512 propter
710 469 934 510 generosam
965 458 1135 499 indolem
1165 473 1293 500 amore
1314 464 1567 515 spectatorum

257 540 369 593 digna
399 541 470 588 sit,
512 546 551 580 ut
583 553 660 579 non
689 539 831 592 flagitio
862 539 919 579 vel
949 540 1117 589 scelere,
1151 542 1216 582 sed
1247 554 1373 582 errore
1402 539 1566 594 quodam

256 620 421 661 humano
450 626 488 661 et
506 619 646 660 leviore
666 625 817 673 peccato
839 618 975 659 incidat
992 619 1028 659 in
1049 619 1146 661 illam
1165 622 1412 663 calamitatem
1426 653 1435 670 ,
1453 632 1566 675 quam

257 701 410 754 exponit
452 701 657 754 tragoedia.
716 699 778 740 Sic
816 700 918 740 enim
948 700 1128 749 efficitur,
1174 709 1215 742 ut
1242 703 1285 742 ad
1315 708 1436 742 semet
1464 701 1566 755 ipsos

255 787 493 822 revertantur
537 788 767 836 spectatores
789 812 798 829 ,
842 787 882 821 ut
920 781 1062 822 oriatur
1103 782 1138 821 in
1177 781 1220 822 iis
1248 782 1355 822 anxia
1383 781 1564 835 quaedam

197 858 200 860 ’
255 861 486 908 sollicitudo,
519 873 568 900 ne
597 861 684 908 sibi,
715 867 849 914 utpote
877 861 1071 900 communi
1097 860 1255 915 quadam
1276 861 1359 914 lege
1376 859 1563 901 aerumnis

251 947 290 981 et
318 939 591 982 calamitatibus
610 940 804 994 subjectis,
834 940 1048 994 gravissima
1066 954 1234 996 quaeque
1256 941 1476 982 immineant
1490 939 1559 992 (1).

252 1023 332 1063 Jam
371 1023 647 1063 commotiones
687 1021 795 1069 illae,
836 1021 1043 1061 arctissimo
1091 1022 1240 1061 vinculo
1270 1022 1366 1061 inter
1394 1034 1435 1061 se
1464 1034 1561 1060 con-

247 1104 416 1158 junctae,
448 1115 495 1143 eo
526 1103 676 1156 gravius
706 1102 968 1142 excitabuntur
997 1115 1071 1157 quo
1101 1102 1217 1156 magis
1238 1109 1343 1157 poeta
1373 1102 1410 1142 in
1430 1100 1561 1143 fabulis

252 1184 525 1235 componendis
564 1196 690 1222 rerum
739 1196 963 1223 concursum
994 1184 1043 1223 ita
1073 1183 1221 1223 finxerit
1249 1190 1287 1222 et
1314 1183 1557 1236 disposuerit,

253 1271 294 1304 ut
333 1264 529 1317 primariae
575 1276 757 1317 personae
797 1264 956 1304 virtutes
996 1270 1034 1304 et
1075 1277 1221 1304 errores
1259 1277 1369 1318 quam
1398 1264 1560 1304 maxime

293 1461 343 1504 (1)
388 1460 542 1493 Amsror.
564 1461 675 1501 Rhea,
708 1459 757 1502 11,
782 1462 824 1502 5,
849 1462 890 1504 83
927 1460 1012 1493 Poet.
1037 1461 1074 1493 13
1089 1485 1098 1503 ,
1122 1461 1150 1493 2.
1187 1459 1340 1494 Ceterum
1362 1459 1465 1493 verba
1487 1458 1557 1492 Ari·

249 1517 379 1548 stotelis
403 1516 443 1548 δι’
466 1516 561 1548 ἐλέου
584 1518 639 1548 καὶ
660 1515 769 1558 φόβου
792 1517 1002 1558 περαίνὸυσα
1026 1518 1094 1555 τὴν
1118 1519 1187 1548 τῶν
1209 1516 1374 1549 τοιοῦτων
1395 1517 1557 1559 παθημά-

250 1582 318 1604 των
349 1571 518 1613 κάθαρσιν
548 1572 647 1604 variis
670 1571 777 1604 modis
800 1572 861 1604 viri
883 1571 970 1605 docti
994 1572 1198 1613 interpretati
1223 1577 1317 1613 sunt,
1342 1582 1446 1615 neque
1468 1573 1556 1614 quis-

248 1637 345 1670 quam
377 1627 473 1660 facile
506 1637 635 1661 omnem
672 1628 753 1660 lianc
788 1629 950 1662 rationem
973 1627 1157 1672 explicabit.
1202 1628 1267 1662 Nos
1289 1629 1495 1672 potissimum
1518 1638 1557 1662 ea

248 1683 445 1724 probamus,
467 1692 551 1725 quae
579 1683 817 1716 contenderunt
839 1693 997 1725 missum,
1021 1684 1138 1716 Hamb.
1156 1684 1402 1728 Dramaturqie,
1423 1685 1456 1718 C.
1473 1685 1558 1721 74—

248 1738 306 1778 78,
340 1738 419 1780 Cap.
453 1741 516 1780 825
554 1750 581 1771 p,
608 1750 640 1771 v.
664 1750 826 1780 munna,
863 1741 937 1772 iiber
960 1741 1010 1771 die
1033 1741 1144 1771 Poetik
1166 1741 1218 1772 dee
1239 1741 1371 1781 Aria,
1397 1741 1556 1774 Abhandl.

247 1792 305 1824 der
328 1793 412 1826 Berl.
437 1793 629 1834 Academie‚
666 1797 745 1826 1829
760 1819 769 1834 .,
793 1805 824 1837 p.
847 1796 908 1837 383
932 1806 985 1827 nn.
1009 1799 1164 1831 minna,
1193 1795 1373 1827 Gesohichte
1395 1796 1451 1827 der
1476 1796 1554 1828 The-

248 1849 315 1880 orie
348 1849 403 1880 der
432 1849 563 1890 Kwnet,
602 1860 633 1892 p.
663 1849 812 1891 53—73‚
852 1852 1039 1891 138-164,
1073 1850 1243 1884 378—388
1267 1850 1338 1892 (ubi
1362 1851 1445 1884 bene
1469 1853 1555 1884 refu-

247 1905 326 1937 tavit
350 1906 529 1946 rationem,
552 1915 616 1948 qua
639 1906 775 1939 Gotbius
798 1905 976 1946 (Nachlese
1000 1917 1037 1939 zu
1065 1907 1158 1939 Arist.
1176 1905 1321 1946 Poetik.)
1336 1907 1555 1941 definitionem

246 1962 380 1994 Aristot.
413 1962 646 2002 interpretatus
677 1969 747 1995 est:
784 1963 835 1994 die
871 1962 1024 2002 qub'die
1056 1963 1101 1994 cst
1129 1964 1197 1994 eine
1218 1962 1450 2004 Nachahmunq
1470 1964 1557 1996 einer

244 2017 448 2049 bedeutmden
479 2018 547 2050 und
576 2017 841 2058 abysachlouenen
876 2018 1071 2058 Handlunq,
1109 2017 1159 2049 die
1189 2018 1271 2050 nach
1292 2019 1393 2050 tinem
1421 2018 1564 2061 Verhzus

242 2083 302 2105 von
335 2074 468 2106 Mitleid
496 2074 565 2105 und
595 2074 718 2104 Furcht
738 2074 798 2104 mit
819 2073 1057 2115 Aueqleichunq
1078 2074 1197 2105 eolo-her
1218 2072 1478 2114 Leidomohfflen
1500 2074 1555 2106 ihm

247 2128 400 2169 Gescltizfl
422 2128 640 2171 abachlieaz03
671 2129 724 2162 Dr.
758 2139 788 2161 Ε.
817 2137 963 2168 mmm,
994 2129 1045 2160 die
1080 2128 1280 2168 Philosopha‘e
1299 2128 1355 2159 der
1378 2128 1553 2171 Grieohm,

243 2185 291 2218 Th
326 2185 352 2217 ll
367 2209 375 2225 ,
400 2186 463 2220 547
478 2211 486 2226 ‚
510 2186 527 2226 ἓ
552 2187 613 2227 29;
644 2186 708 2218 Tu.
743 2196 853 2227 xocx,
886 2186 962 2217 iiber
983 2186 1042 2216 dem
1062 2185 1330 2217 Arietatelmhen
1352 2185 1484 2226 Beqrofff
1499 2186 1554 2217 der

244 2240 437 2281 Kathareis,
463 2251 495 2282 p.
522 2242 637 2274 1—15.

287 2295 384 2337 Apud
417 2303 581 2330 nostrates
612 2297 763 2340 inprimis
795 2306 953 2330 munuae
976 2304 1147 2329 nnouwmz
1167 2305 1336 2329 mssmen
1358 2297 1551 2329 sententiam

244 2353 415 2392 amplexus
449 2358 498 2384 est
529 2353 792 2395 (Commutatio,
824 2362 854 2394 p.
879 2353 942 2392 22,
967 2351 1047 2393 23),
1082 2359 1220 2392 eamque
1241 2356 1354 2382 contra
1375 2361 1435 2393 ea,
1468 2361 1552 2394 quae

244 2409 377 2449 scripsit
399 2418 508 2441 mm(
531 2416 659 2440 sumt:
695 2408 774 2439 Over
795 2407 854 2438 den
876 2406 989 2438 eohrik
1007 2415 1044 2437 en
1066 2406 1118 2438 het
1139 2404 1335 2446 modelv‘den,
1359 2405 1504 2438 defendit
1518 2406 1551 2439 in

244 2462 374 2503 libello,
397 2464 451 2504 qui
476 2464 684 2496 inscribitur:
708 2463 824 2494 Proeve
845 2471 934 2492 emer
948 2461 1099 2501 reomen'e,
1124 2461 1262 2490 dovram
1276 2461 1342 2491 m’et
1355 2463 1558 2493 rem-emd-

243 2519 407 2557 echrijver.
452 2518 544 2558 Quod
568 2528 646 2551 vero
669 2518 875 2550 affectionum
899 2515 1071 2558 tragoedia
1088 2514 1330 2547 excitandarum
1346 2515 1548 2549 sedationem

243 2574 374 2614 attinet,
398 2574 438 2606 de
461 2584 527 2616 qua
549 2574 635 2615 apud
659 2573 757 2606 Arist.
782 2573 813 2605 in
839 2572 912 2606 libr.
936 2571 978 2604 de
1001 2573 1087 2613 poet.
1114 2575 1250 2612 praeter·
1266 2570 1372 2604 locum
1396 2571 1484 2605 laud.
1508 2583 1550 2605 ne

242 2629 378 2661 verbum
405 2629 536 2671 quidem
551 2655 559 2670 ,
584 2638 662 2661 vere
679 2628 758 2660 mihi
774 2627 971 2660 contendere
987 2626 1115 2658 videtur
1129 2635 1158 2658 ιι.
1176 2617 1333 2667 utinm,
1357 2635 1431 2658 eam
1446 2628 1548 2669 potis-

240 2685 360 2717 simum
384 2684 466 2717 effici
489 2685 634 2726 ratione,
657 2693 720 2728 qua
745 2688 851 2717 metus
874 2688 907 2715 et
931 2680 1159 2715 misericordia
1182 2681 1214 2713 in
1238 2681 1356 2714 animis
1382 2687 1546 2725 spectato-

239 2751 311 2773 rum
334 2742 526 2775 excitentur.
