1814 3190
901 309 928 350 3

262 439 532 486 ostendantur,
562 453 639 493 quo
670 440 809 493 majore
837 445 918 479 arte
948 446 985 479 et
1015 439 1205 479 evidentia
1225 439 1413 486 hominis,
1447 438 1571 477 multis

262 524 300 558 et
340 516 535 571 praeclaris
577 517 775 559 virtutibus
813 517 992 572 praediti,
1040 517 1107 559 sed
1154 518 1268 558 animi
1315 517 1568 573 perturbatio-

261 598 370 638 nibus
427 598 602 645 obnoxii,
650 599 852 651 imaginem
883 608 970 639 ante
999 599 1130 638 oculos
1159 600 1340 652 posuerit.
1396 598 1503 645 Quod
1536 600 1566 637 si

260 678 477 732 tragoediae
505 678 738 732 Sophocleae
767 691 814 718 eo
844 678 998 718 nomine
1027 679 1185 719 summis
1217 678 1387 718 laudibus
1404 678 1573 718 efferun-

260 759 416 811 tur(l)‚
446 771 488 798 ea
518 771 608 798 vero
637 771 731 813 quae
761 758 929 813 Oedipus
960 759 1154 813 Tyrannus
1183 759 1415 807 inscribitur,
1445 758 1571 798 omni-

260 838 330 879 bus
391 840 651 894 anteponitur,
715 853 850 895 operae
908 841 1071 893 pretium
1118 841 1188 880 erit
1236 852 1450 893 exponere,
1499 853 1569 893 qua

262 919 408 959 ratione
456 920 663 973 Sophocles
703 920 741 959 in
784 931 825 960 ea
864 921 1059 973 tragoedia
1104 919 1268 959 moribus
1307 918 1494 971 fingendis
1533 926 1571 958 et

260 998 400 1040 fabulae
430 999 678 1054 dispositione
708 1001 772 1064 (τῇ
801 1002 882 1038 τῶν
901 1003 1129 1050 πραγμάτων
1148 1001 1337 1051 συστάσει)
1356 1000 1570 1039 misericor-

263 1078 347 1119 diae
376 1088 411 1120 et
441 1087 564 1121 metus
592 1079 807 1120 affectiones
836 1080 1066 1121 excitaverit.

316 1159 423 1208 Quod
449 1161 525 1214 jam
545 1162 712 1201 conaturi
730 1161 1016 1215 disputationem
1037 1166 1205 1201 nostram
1226 1160 1273 1200 ita
1295 1152 1535 1200 instituemus
1554 1192 1563 1208 ,

264 1245 306 1279 ut
332 1241 493 1294 primum
522 1242 760 1281 attendamus
787 1242 833 1281 ad
852 1240 1025 1281 amabiles
1044 1241 1221 1287 virtutes,
1251 1252 1346 1294 quae
1366 1240 1403 1278 in
1424 1239 1568 1294 Oedipo

264 1322 566 1375 conspiciuntur,
595 1322 733 1362 deinde
753 1322 797 1362 ad
816 1334 982 1370 errores,
1011 1322 1145 1376 quibus
1163 1322 1300 1361 factum
1321 1328 1402 1368 est,
1433 1327 1476 1361 ut
1495 1329 1568 1361 tam

264 1399 450 1441 horrenda
479 1401 683 1442 calamitate
703 1401 973 1455 implicaretur,
1002 1401 1165 1455 denique
1187 1401 1403 1449 videamus,
1432 1410 1569 1455 quanta

265 1487 345 1521 arte
383 1484 493 1536 poeta
534 1481 692 1522 fabulam
734 1481 958 1537 disposuerit
996 1481 1041 1522 ad
1080 1480 1268 1536 augendas
1296 1481 1569 1522 commotiones

266 1563 442 1615 tragicas,
469 1577 561 1618 quas
590 1577 714 1604 mores
744 1564 875 1619 Oedipi
905 1565 1071 1604 excitant
1099 1564 1136 1602 in
1155 1563 1287 1603 animis
1305 1569 1568 1616 spectatorum.

322 1643 431 1691 Quod
460 1644 491 1684 si
521 1644 608 1683 inde
626 1645 837 1699 apparuerit
857 1644 1048 1697 tragoedia
1069 1648 1195 1684 nostra
1216 1644 1340 1684 omnia
1361 1644 1544 1684 contineri
1562 1677 1570 1692 ,

264 1736 358 1779 quae
387 1725 455 1776 τὴν
500 1728 554 1766 τῶ
559 1742 579 1763 ν
609 1729 833 1776 παθημάτων
864 1728 1042 1775 κάθαρσιν
1070 1724 1257 1773 efficiant,
1310 1724 1570 1779 Oedipumque

264 1805 433 1858 quamvis
470 1805 610 1845 eximiis
640 1805 752 1844 animi
782 1805 934 1845 dotibus
963 1815 1001 1845 et
1030 1818 1208 1857 generosa
1240 1806 1431 1845 voluntate
1460 1819 1572 1858 prae-

263 1884 409 1934 ditum,
456 1886 592 1926 mentis
620 1891 746 1926 tamen
777 1898 903 1925 errore
932 1899 1036 1926 suam
1066 1885 1134 1926 sibi
1163 1892 1307 1926 struere
1337 1886 1538 1939 pernicicm
1556 1917 1565 1934 ,

264 1965 417 2006 dubium
449 1979 524 2005 non
555 1966 649 2014 erit,
678 1967 768 2020 quin
799 1966 920 2006 sabula
950 1966 1010 2006 illa
1040 1980 1127 2021 prae
1162 1968 1298 2007 ceteris
1319 1966 1464 2006 laudata
1485 1979 1562 2006 non

263 2046 312 2086 sit
340 2045 493 2087 dicenda
527 2045 737 2100 »tragoedia
764 2045 904 2087 fatalis''
933 2044 1363 2099 (Schicksals-trayodie)
1394 2043 1464 2101 (2).

283 2519 288 2524 .
348 2521 354 2525 .

306 2577 467 2621 (aye-ont.
491 2589 525 2612 K.
541 2588 570 2610 οΔ
586 2582 747 2622 numm,
772 2580 852 2622 118,
877 2581 937 2613 1519
952 2604 962 2622 ,
983 2581 1062 2622 1393
1080 2585 1292 2612 namnet
1305 2604 1314 2621 ,
1339 2589 1369 2621 p.
1388 2579 1447 2614 701
1462 2601 1471 2619 ,
1489 2578 1565 2613 791.

303 2633 353 2677 (2)
374 2635 586 2668 Βηπιιᾼῐωῑ
601 2659 608 2677 ,
634 2646 662 2678 p.
685 2635 748 2669 797
761 2659 769 2675 ,
787 2637 870 2678 806,
886 2644 1127 2668 sczmmmzwm
1139 2659 1147 2675 ,
1164 2636 1286 2675 allqem.
1304 2635 1509 2675 Einleitunq,
1533 2644 1562 2675 p.

261 2691 320 2732 34,
356 2690 544 2732 Einleitunq
565 2701 589 2725 z.
616 2691 685 2723 θεά.
726 2691 801 2732 Tyr.
816 2717 824 2733 ,
862 2701 894 2733 p.
919 2693 980 2732 20,
1015 2693 1076 2731 21,
1111 2691 1162 2722 die
1199 2690 1279 2730 Saye
1308 2699 1376 2720 vom
1408 2689 1565 2730 omme-23

259 2757 292 2789 p.
316 2747 379 2789 33,
402 2756 485 2790 quos
518 2747 608 2780 solos
639 2747 830 2790 laudamus,
859 2749 979 2791 quippe
1011 2748 1064 2790 qui
1090 2748 1121 2779 in
1146 2746 1281 2788 reliquis
1303 2745 1456 2788 Sophocl.
1480 2749 1566 2787 urag-

258 2803 315 2834 fati
338 2804 499 2834 necessati
524 2803 646 2835 nullam
671 2805 742 2836 fere
765 2805 831 2836 vim
856 2804 1011 2835 tribuant.

1343 2868 1398 2908 4.
