1814 3190
875 251 930 295 40

239 399 365 435 tamen
412 394 631 450 intelligunt
670 394 858 452 Oedipum
901 396 979 452 jam
1022 395 1214 438 horrendo
1257 396 1374 438 modo
1418 409 1551 440 verum

239 474 472 528 significare,
512 487 676 529 eumque
717 475 839 529 ipsum
873 475 1000 515 videre
1026 475 1182 530 cupiunt
1210 476 1274 530 qui
1300 476 1401 517 solus
1426 476 1552 518 caedis

238 555 345 596 testis
392 553 548 596 relictus
596 562 667 597 est.
725 555 799 596 Sed
840 555 1013 596 nondum
1054 557 1196 610 cogitat
1240 554 1404 610 Oedipus
1454 556 1552 596 banc

238 634 332 674 inire
385 634 570 674 rationem
605 635 680 686 (1);
722 635 801 688 jam
839 634 887 674 de
926 640 1025 674 recta
1064 634 1122 674 via
1159 634 1341 675 aberranti
1381 634 1550 676 oboritur

244 712 460 754 sollicitudo
497 725 547 753 ne
585 726 605 753 a
644 713 785 754 civibus
824 714 987 769 corrupti
1015 714 1089 755 sint
1118 714 1182 769 qui
1209 714 1360 755 caedem
1388 715 1552 756 commi-

238 794 382 841 serint,
414 806 464 833 ne
493 792 564 833 sibi
595 792 665 848 ipsi
692 793 823 834 eadem
852 795 1074 834 immineant
1102 793 1275 847 pericula.
1313 793 1415 842 Quae
1442 793 1552 834 solli-

237 873 364 914 citudo
410 886 457 914 eo
498 873 707 926 graviorem
747 873 859 914 habet
899 873 973 914 vim
1013 874 1189 927 tragicam
1204 904 1215 923 ,
1247 887 1323 928 quo
1351 874 1500 928 longius
1528 887 1549 914 a

239 966 328 993 vero
369 952 498 1000 abest,
540 966 615 1007 quo
653 954 773 1007 magis
817 953 936 994 aliena
967 953 1113 994 videtur
1141 952 1187 994 ab
1215 966 1342 995 amore
1370 960 1549 1009 paterno.

238 1047 314 1088 quo
343 1033 444 1074 cives
471 1034 734 1087 complectitur
763 1033 942 1089 Oedipus.
998 1034 1176 1074 Sentiunt
1204 1040 1434 1087 spectatores
1462 1045 1560 1075 euur

237 1127 361 1155 errare
400 1119 438 1154 et
468 1121 571 1154 metu
600 1114 812 1167 agitantur,
856 1128 904 1154 ne
934 1114 1151 1168 imprudens
1179 1113 1371 1167 indulgeat
1400 1119 1552 1168 pertur-

241 1195 405 1242 bationi,
446 1209 518 1249 qua
553 1195 631 1249 jam
663 1195 780 1247 magis
809 1195 1002 1249 magisque
1031 1200 1213 1234 movetur.
1271 1193 1379 1234 Hunc
1408 1199 1549 1235 metum

239 1275 465 1316 confirmant
486 1275 596 1316 verba
615 1307 623 1323 ,
647 1275 780 1330 quibus
798 1275 976 1330 prologus
993 1275 1119 1316 finitur
1143 1281 1181 1316 et
1201 1274 1333 1315 horror
1350 1274 1551 1315 incutiatur

244 1369 400 1396 necesse
428 1361 485 1395 est
513 1344 773 1395 audientibus:

458 1448 544 1490 ὑπὲρ
567 1449 634 1491 γὰρ
657 1448 735 1490 οὐχὶ
758 1451 829 1481 τῶν
851 1447 1017 1489 ἀπωτέρω
1040 1450 1148 1492 φίλων

368 1517 448 1550 ἀλλ’
476 1517 580 1556 αὐτὸς
604 1516 711 1550 αὑτοῦ
734 1515 825 1549 τοῦτ’
849 1515 1027 1550 dornone&
1048 1515 1157 1560 μύσος
1179 1516 1394 1561 (187-138).

293 1600 419 1652 ltaque
461 1599 597 1652 insigni
626 1606 706 1639 arte
734 1599 857 1639 omnia
886 1612 908 1638 e
936 1599 1072 1653 quibus
1101 1605 1276 1640 nascatur
1305 1601 1401 1640 actio
1429 1613 1549 1655 expo-

237 1680 306 1719 sita
362 1684 454 1719 sunt
500 1691 625 1733 neque
673 1678 874 1733 quidquam
923 1678 1091 1731 neglexit
1138 1685 1245 1732 poeta
1292 1680 1338 1720 ad
1387 1679 1547 1731 tragicas

239 1759 458 1800 affectiones
497 1759 726 1800 excitandas.
786 1758 1020 1814 Adspicimus
1058 1772 1209 1813 regem,
1249 1759 1384 1801 civium
1420 1772 1549 1801 amore

238 1840 435 1880 ardentem
457 1871 466 1888 ,
517 1841 747 1894 summisque
788 1840 958 1881 laudibus
999 1840 1135 1881 elatum
1174 1846 1327 1894 propter
1364 1840 1548 1894 insignem

239 1920 456 1974 sapientiam
474 1918 549 1972 (2),
576 1926 615 1961 et
644 1925 768 1961 tamen
799 1933 840 1961 se
869 1921 947 1975 ipse
976 1934 1052 1961 non
1083 1920 1196 1961 novit.
1255 1921 1323 1968 Qui
1352 1921 1550 1976 aliquando

238 2000 360 2041 lucem
403 1999 528 2041 attulit
565 2000 708 2041 civibus
753 2000 958 2041 calamitate
1003 2000 1209 2055 oppressis,
1258 2001 1336 2055 ipse
1374 2001 1411 2041 in
1451 2000 1550 2041 den-

238 2081 391 2123 sissimis
447 2081 611 2122 tenebris
660 2089 828 2122 versatur
884 2094 1021 2135 easque
1070 2082 1148 2135 ipse
1199 2081 1432 2134 dispulsurus
1482 2087 1550 2122 est.

240 2163 348 2211 Quod
391 2176 507 2218 quum
536 2161 581 2202 ad
611 2162 757 2203 animos
786 2160 1048 2216 percellendos
1076 2160 1338 2215 gravissimum
1365 2161 1413 2202 sit
1441 2162 1547 2202 omni

241 2245 379 2299 tragica
421 2244 456 2285 vi
486 2248 655 2292 careret,
696 2243 768 2283 nisi
808 2243 847 2283 in
876 2241 1010 2297 Oedipi
1040 2241 1206 2282 consiliis
1233 2241 1401 2296 quamvis
1430 2254 1552 2295 gene-

283 2470 334 2514 (1)
377 2471 522 2513 Egregia
558 2471 685 2503 ratione
725 2475 821 2512 poeta
859 2470 888 2501 h.
912 2469 933 2501 l.
972 2469 1095 2510 effecit,
1138 2474 1169 2501 ut
1208 2469 1387 2502 artificiosa
1421 2469 1552 2501 fabulae

240 2527 439 2569 compositio
472 2535 512 2558 ex
546 2526 651 2568 ipsius
684 2525 800 2567 Oedipi
834 2531 951 2558 natura
975 2530 1008 2557 et
1033 2526 1179 2559 moribus
1203 2525 1473 2567 proficisceretur.
1517 2525 1551 2557 Si

244 2584 333 2616 enim
367 2582 510 2624 Oedipus
543 2582 676 2614 ubinam
702 2590 818 2614 servus
841 2581 900 2613 ille
925 2586 1013 2612 esset
1036 2598 1078 2603 —
1100 2580 1187 2623 quod
1211 2580 1341 2623 quidem
1365 2581 1551 2623 proximum

242 2644 313 2672 erat
338 2654 363 2663 -
387 2637 626 2681 quaesivisset,
649 2638 737 2670 actio
760 2647 836 2670 mox
858 2636 898 2669 ad
922 2637 1017 2669 finem
1041 2642 1130 2669 esset
1148 2636 1315 2679 perducta.
1338 2636 1429 2669 Conf.
1450 2645 1481 2679 p.
1499 2637 1551 2668 21.

287 2693 336 2737 (2)
381 2695 532 2734 31—33,
567 2695 718 2734 44—45,
753 2695 817 2734 40,
849 2695 902 2725 46.
947 2692 1110 2733 Singulari
1143 2687 1213 2723 art'e
1236 2691 1349 2724 verbis
1370 2689 1553 2723 sacerdotis

245 2750 354 2784 effecit
376 2752 493 2792 poeta,
518 2754 552 2782 ut
577 2748 738 2791 Oedipum
761 2748 968 2790 suspicerent
989 2751 1208 2788 spectatores.
