1814 3190
283 908 351 951 DE
386 907 761 952 AFFECTIONUM
797 908 1096 952 SEDATtONE
1132 907 1493 964 (ΚΑΘΑΡΣΕΙ).

286 1589 350 1628 Est
381 1588 494 1640 igitur
522 1587 692 1640 cognitio
723 1588 930 1637 scelerum,
961 1588 1094 1643 quibus
1124 1588 1286 1643 Oedipus
1316 1595 1372 1629 est
1401 1594 1541 1629 conta-

231 1668 411 1715 minatus,
444 1670 576 1718 ingens
602 1668 790 1707 calamitas
812 1669 847 1707 in
867 1683 939 1722 qua
959 1669 1202 1720 exprimenda
1224 1676 1389 1708 versatur
1408 1676 1535 1709 nostra

229 1748 431 1801 tragoedia.
490 1747 591 1794 Quae
630 1761 746 1801 quum
778 1748 836 1787 tali
866 1761 989 1788 rerum
1018 1760 1202 1787 concursu
1230 1750 1466 1801 aperiantur,
1497 1754 1538 1788 ut

229 1834 404 1881 appareat
434 1825 618 1880 Oedipum
649 1828 820 1881 quamvis
850 1841 1034 1879 generosa
1066 1828 1191 1867 indute
1221 1828 1429 1881 praeditum
1459 1827 1535 1868 hu-

230 1910 348 1948 manis
379 1916 502 1947 tamen
532 1907 626 1946 vitiis
655 1914 693 1947 et
711 1907 902 1947 erroribus
921 1921 1003 1947 esse
1022 1907 1227 1948 obnoxium
1245 1939 1254 1955 ‚
1289 1909 1538 1949 miserationis

229 1997 268 2029 et
298 1997 419 2028 inetus
447 1987 664 2028 affectiones
692 1987 739 2027 ita
768 1988 977 2028 excitantur
1006 1994 1046 2027 ut
1076 2001 1142 2042 per
1169 1995 1290 2029 semet
1317 1989 1412 2042 ipsas
1444 2002 1539 2043 pur-

229 2078 366 2121 gentur
394 2077 505 2123 atque
536 2069 721 2109 leniantur
735 2069 803 2120 (1).
854 2070 976 2116 Quum
997 2070 1096 2109 enim
1118 2069 1162 2109 ab
1183 2070 1290 2109 initio
1310 2070 1535 2123 perspiciant

229 2155 459 2203 spectatores
488 2148 674 2201 Oedipum
692 2181 700 2196 ,
744 2150 807 2189 dei
837 2149 1156 2190 admonitionibus
1179 2149 1384 2200 neglectis,
1415 2149 1538 2190 vehe-

231 2230 347 2269 menti
377 2229 489 2268 animi
521 2229 798 2282 perturbatione
828 2242 981 2282 gravare
1011 2243 1114 2269 suam
1136 2228 1364 2282 perniciem,
1384 2229 1536 2268 sedatur

232 2309 502 2356 misericordia,
535 2322 646 2361 quam
678 2315 834 2347 movent
865 2309 1030 2360 insignes
1061 2308 1160 2358 regis
1182 2308 1358 2353 virtutes,
1388 2313 1428 2346 et
1447 2307 1538 2346 dum

232 2390 335 2428 fateri
374 2394 563 2441 coguntur
599 2387 761 2426 eundem
807 2387 1003 2441 prudentia
1042 2393 1080 2426 et
1120 2386 1381 2427 moderatione
1424 2387 1536 2427 multa

245 2512 425 2525 —ffla

272 2599 325 2642 (l)
369 2598 461 2632 (tour.
484 2603 613 2641 praeter
636 2606 673 2629 ea
689 2623 697 2637 ,
720 2607 803 2640 quae
826 2598 1069 2637 adnotavimus,
1102 2608 1177 2640 pag.
1203 2600 1240 2637 2,
1265 2608 1370 2631 ants-r.
1386 2621 1395 2639 ,
1421 2599 1517 2631 Pom.
1532 2623 1541 2640 ‚

228 2653 320 2693 vm,
354 2655 393 2692 7,
427 2660 459 2685 ct
490 2663 573 2696 qnae
607 2652 649 2684 de
683 2653 743 2684 hoc
774 2653 849 2684 loeo
880 2654 1009 2695 scripsit
1032 2663 1060 2685 e.
1086 2657 1244 2695 utiense,
1280 2654 1460 2686 Oeschichce
1485 2655 1543 2686 der

232 2711 361 2744 steorte
381 2710 437 2742 der
461 2710 586 2750 Kumt,
612 2715 630 2745 t.
655 2708 702 2751 ll,
727 2719 757 2751 p.
781 2710 821 2744 57
847 2719 940 2753 seqq.
