1814 3190
883 249 938 292 26

252 406 383 447 regem
424 394 530 436 illum
559 395 732 437 fortunae
761 395 870 437 donis
898 396 1115 439 affluentem
1145 408 1234 438 mox
1261 396 1449 439 ruiturum
1477 409 1560 438 esse

252 476 291 515 in
333 475 559 529 perniciem,
610 481 689 517 tum
730 489 822 517 vero
860 488 948 517 eum
976 478 1222 531 prudentiae,
1267 478 1563 534 vaticinandique

250 557 340 596 artis
377 556 572 609 poenitet,
614 562 693 596 tum
734 556 907 609 intelligit
946 557 1069 594 δεινόν
1103 570 1188 598 esse
1215 558 1256 594 τὸ
1284 560 1443 607 φρονεῖν
1469 558 1559 595 ἔνθα

252 636 303 687 μὴ
343 635 432 685 τέλη
477 635 552 699 λύῃ
590 638 792 685 φρονοῦντι
813 635 939 690 (516).
999 635 1173 678 precatur
1202 637 1317 691 igitur
1343 637 1390 678 ab
1417 636 1562 692 Oedipo

255 722 296 756 ut
334 729 375 756 se
414 715 572 756 domum
601 715 764 756 dimittat
792 715 926 769 (320),
957 716 1173 757 reformidat
1199 729 1243 757 ea
1271 716 1410 757 referre
1425 748 1435 765 ,
1466 729 1563 772 quae

253 797 354 850 regis
382 796 547 836 animum
576 797 791 850 exagitent,
823 797 1038 845 monendo,
1067 797 1253 838 hortando
1281 796 1428 837 efficere
1446 807 1563 835 eona-

255 882 341 924 tur,
387 880 428 915 ut
467 875 514 915 ad
557 888 683 916 sanam
723 881 891 917 mentem
934 876 1066 917 redeat
1093 877 1148 917 vir
1176 875 1317 917 infelix.
1373 875 1450 916 Sed
1479 887 1559 915 non

255 959 380 1008 potest
424 954 558 995 sedare
601 955 768 995 animum
808 956 907 1009 regis
945 957 1023 1011 jam
1064 957 1284 1011 suspicantis
1327 962 1450 997 vatem
1492 955 1562 996 sibi

253 1035 459 1089 perniciem
501 1034 622 1075 moliri
652 1034 776 1087 (530).
808 1078 811 1080 ,
836 1035 894 1076 Ad
934 1042 1099 1077 extrema
1129 1035 1301 1078 redactus
1328 1036 1488 1078 affirmat
1517 1049 1559 1077 se

254 1115 391 1154 frustra
440 1115 663 1168 interrogari
708 1127 832 1169 neque
872 1129 913 1156 se
953 1116 990 1155 in
1030 1116 1151 1157 lucem
1184 1117 1414 1170 prolaturum
1446 1129 1558 1165 esse,

253 1209 348 1250 quae
385 1209 514 1249 regem
550 1195 682 1236 dolore
718 1196 880 1237 afficiant
901 1196 971 1249 (1).
1026 1196 1168 1243 Quibus
1209 1196 1331 1237 verbis
1367 1196 1438 1237 etsi
1467 1209 1564 1251 pru-

255 1275 422 1316 dentiam
450 1283 491 1316 et
520 1275 818 1316 moderationem
834 1307 844 1324 ,
874 1289 1042 1316 amorem
1072 1282 1112 1316 et
1140 1275 1439 1317 benevolentiam
1460 1276 1564 1316 rese-

258 1362 370 1404 rum,
410 1356 509 1408 regis
550 1368 658 1397 mens
696 1355 744 1396 ita
771 1355 964 1397 alienatur
1003 1363 1043 1397 ut
1081 1357 1153 1397 irae
1194 1356 1394 1410 indulgens
1434 1363 1473 1397 et
1499 1368 1564 1397 sua

259 1437 378 1477 fretus
422 1437 639 1477 auctoritate
687 1449 825 1489 eogere
872 1437 962 1478 velit
1004 1437 1234 1478 sacerdotem
1249 1468 1260 1486 ,
1301 1449 1415 1492 quem
1452 1436 1564 1477 modo

255 1516 431 1572 precibus
460 1516 629 1571 fatigavit
656 1523 696 1557 et
723 1517 901 1558 extremis
930 1517 1108 1558 conviciis
1137 1517 1181 1567 (ὦ
1209 1523 1328 1556 κακῶν
1357 1518 1499 1556 κάκιστε
1523 1532 1561 1561 v.

257 1597 354 1650 354)
393 1597 527 1639 obruat
567 1604 691 1639 vatem
730 1597 829 1639 illius
856 1598 942 1648 dei,
975 1599 1022 1639 ad
1051 1611 1164 1654 quem
1193 1598 1316 1639 solum
1345 1598 1382 1638 in
1412 1611 1561 1639 summo

255 1691 380 1719 rerum
410 1677 618 1718 discrimine
647 1692 689 1719 se
717 1680 918 1721 convertit.
979 1679 1139 1720 Tiresias
1167 1679 1339 1719 nondum
1370 1679 1560 1728 irascitur,

255 1761 465 1814 respondet
509 1773 552 1799 ea
571 1791 580 1807 ,
633 1772 728 1813 quae
766 1761 873 1814 quasi
922 1760 992 1801 tela
1039 1760 1138 1813 regis
1180 1760 1345 1800 animum
1385 1760 1565 1813 trajiciant

253 1856 409 1884 necesse
437 1847 495 1883 est
512 1839 593 1894 (2):

469 1936 580 1978 ὀργὴν
601 1933 737 1977 ἐμέμψω
761 1934 829 1973 τὴν
851 1933 961 1976 ἐμήν,
985 1934 1053 1973 τὴν
1076 1934 1142 1973 σὴν
1165 1931 1279 1976 δ’ὁμοῦ

471 2005 640 2038 vedommu
661 2004 702 2037 οὐ
727 2003 890 2042 κατεῖδες.

311 2085 476 2141 Oedipus
506 2098 598 2126 vero
628 2098 705 2126 non
738 2091 922 2126 movetur.
968 2085 1121 2126 Fatetur
1150 2098 1191 2126 se
1208 2084 1421 2126 iracundiae
1438 2085 1566 2126 indul-

255 2180 345 2219 gere
372 2165 504 2219 (359),
535 2166 602 2206 sed
632 2178 713 2207 eam
747 2165 849 2206 nulla
869 2164 1160 2219 reprehensione
1184 2165 1335 2218 dignam
1353 2170 1482 2219 putat;
1511 2187 1566 2196 —

253 2247 316 2302 qui
342 2246 456 2287 deum
475 2258 612 2300 cogere
631 2259 708 2286 non
728 2245 847 2300 potuit
863 2276 872 2294 ‚
905 2244 1101 2286 hominem
1119 2245 1295 2287 resistere
1314 2259 1391 2287 non
1412 2248 1564 2301 patitur.

255 2328 370 2382 lgitur
399 2328 535 2370 Tiresia
568 2328 705 2368 iterum
735 2331 897 2382 negante
914 2339 956 2366 se
974 2326 1177 2381 quidquam
1197 2326 1356 2381 amplius
1376 2327 1563 2368 dicturum

254 2422 356 2456 esse,
401 2408 567 2462 Oedipus
596 2408 738 2462 injuriis
766 2414 803 2448 et
834 2407 1012 2447 conviciis
1041 2407 1143 2448 addit
1171 2408 1445 2448 accusationem
1476 2421 1566 2462 gra-

298 2620 348 2663 (1)
392 2621 428 2655 V.
452 2623 525 2655 332.
571 2619 636 2664 ἐγὼ
659 2619 729 2653 οὔτ’
751 2620 903 2662 ἐμαυτὸν
925 2619 1002 2652 οὔτε
1028 2622 1059 2653 α’
1082 2619 1236 2664 ἀλγυνῶ.

298 2676 350 2721 (2)
394 2676 468 2711 337.
513 2677 560 2712 Λᾶ
594 2677 697 2711 verba
733 2677 799 2717 τήν
831 2676 899 2716 σὴν
932 2674 960 2709 δ’
985 2675 1070 2719 ὁμοῦ
1093 2677 1264 2710 ναίουσαν
1285 2676 1369 2710 conf.
1391 2685 1566 2719 numum,

254 2745 284 2766 1..
309 2743 336 2766 s.
359 2744 549 2777 amaru«,
572 2742 815 2767 sonumxwm
837 2737 871 2765 et
893 2742 1019 2766 umen.
