1814 3190
873 280 899 321 8

234 426 283 467 de
312 437 377 466 sua
407 425 573 479 pernicie
601 417 815 467 admonitus
835 425 942 479 (ntua
961 431 997 468 te
1015 439 1075 467 ars
1092 425 1293 480 perdidit”)
1311 427 1541 480 respondet:

391 516 474 549 ἀλλ’
495 516 523 549 εἰ
545 515 651 549 πόλιν
672 513 768 554 τήνδ’
794 514 925 553 tetemet·
949 515 988 549 οὔ
1010 527 1066 560 μοι
1087 515 1182 560 μέλει
1201 518 1268 559 (vs.
1291 519 1383 559 448.)

286 587 421 628 Civitas
449 587 549 626 enim
579 587 614 625 ei
643 586 820 626 omnibus
839 587 957 626 carior
976 593 1059 633 est,
1083 599 1206 640 neque
1221 587 1424 641 quidquam
1441 589 1543 627 anti-

230 667 340 722 quius
370 665 498 715 habet,
527 679 638 721 quam
668 670 712 707 ut
740 666 842 707 cives
870 665 1002 707 liberet
1031 664 1185 716 dolore,
1216 681 1293 722 quo
1317 667 1395 722 jam
1425 668 1542 721 magis

230 762 341 802 quam
392 760 480 788 suae
529 748 622 787 vitae
673 760 762 787 cura
811 748 996 788 cruciatur
1034 747 1103 800 (1).
1170 747 1300 802 ltaque
1341 747 1538 796 Tiresiam,

232 841 315 869 vera
374 827 540 883 proferre
596 833 856 876 recusantem,
902 827 1066 882 publicae
1113 828 1326 869 calamitatis
1372 827 1540 882 inprimis

229 908 545 956 commonefacit,
592 907 753 962 urbique
793 920 872 947 non
911 908 1035 948 minus
1073 922 1183 962 quam
1222 907 1293 949 sibi
1321 907 1389 962 ipsi
1416 921 1541 948 sacer-

230 989 330 1029 dotis
371 988 519 1028 silentio
558 987 729 1041 injuriam
770 987 898 1028 inferri
939 988 1131 1029 contendit
1148 986 1219 1041 (2).
1298 987 1422 1035 Quum
1451 1000 1540 1028 vero

227 1070 349 1111 verbis
397 1069 555 1109 Tiresiae
604 1069 752 1107 animus
791 1069 892 1121 regis
933 1068 979 1108 ita
1020 1068 1258 1122 perturbatur
1303 1076 1345 1109 ut
1373 1070 1534 1121 primum

229 1151 487 1198 sacerdotem,
530 1161 619 1189 mox
659 1148 863 1190 Creontem
893 1148 1107 1201 gravissima
1137 1149 1172 1187 in
1200 1162 1240 1189 se
1268 1149 1391 1190 moliri
1418 1149 1540 1203 suspi-

227 1237 359 1279 cetur,
407 1230 565 1270 civitatis
606 1227 859 1268 sublevandae
901 1229 1136 1282 propositum
1180 1228 1294 1282 ipsius
1322 1229 1428 1283 regni
1456 1240 1540 1270 ser2

228 1312 335 1352 vandi
376 1309 626 1351 sollicitudine
656 1310 844 1361 exstingui
874 1309 1027 1362 quidem
1059 1308 1231 1357 videtur,
1262 1310 1330 1349 sed
1360 1322 1406 1349 ex
1435 1323 1532 1363 quo,

235 1405 312 1432 uno
364 1391 479 1431 verbo
529 1391 696 1430 locastae
753 1389 994 1438 admonitus,
1060 1395 1232 1438 veretur,
1287 1402 1335 1429 ne
1383 1389 1538 1441 βλέπων

227 1472 246 1508 ὁ
277 1472 403 1519 μάντις
445 1472 473 1535 ᾖ
488 1470 567 1524 (5),
611 1470 694 1510 forti
735 1476 773 1509 et
803 1483 940 1523 magno
968 1470 1092 1510 animo
1121 1483 1164 1509 ea
1193 1470 1411 1523 investigat,
1441 1482 1536 1524 quae

227 1551 367 1591 civitati
397 1551 575 1600 salutem,
604 1549 673 1590 sibi
702 1562 790 1590 vero
820 1549 1023 1603 perniciem
1053 1548 1204 1589 allatura
1223 1555 1322 1590 sunt.
1361 1549 1438 1589 Etsi
1458 1549 1537 1589 Laii

229 1629 464 1670 interfectori
495 1628 731 1682 gravissimas
759 1628 857 1668 diras
887 1628 1109 1682 imprecatus
1129 1633 1210 1676 est,
1239 1635 1277 1668 et
1295 1629 1475 1683 comperit
1495 1641 1537 1669 se

227 1709 358 1761 injuria
388 1708 624 1748 sacerdotem
653 1715 692 1747 et
720 1708 883 1748 amicum
902 1708 1078 1747 conviciis
1097 1707 1266 1748 obruisse
1282 1739 1291 1755 ,
1312 1715 1436 1747 tamen
1456 1722 1534 1748 non

225 1787 373 1828 desistit
411 1787 458 1827 ab
498 1786 685 1828 horrenda
724 1787 783 1827 illa
823 1787 1132 1841 investigatione,
1172 1800 1296 1842 neque
1326 1788 1397 1829 ulla
1418 1790 1534 1829 utitur

221 1868 458 1908 simulatione
477 1899 486 1915 ,
545 1873 587 1908 ut
622 1867 904 1923 impendentem
951 1867 1106 1922 effugiat
1152 1868 1411 1924 calamitatem.
1467 1870 1534 1911 Ubi

223 1949 398 2001 intelligit
427 1949 554 1988 omnia
582 1949 739 1988 omnino
757 1949 977 1997 convenire,
1001 1956 1148 2002 praeter
1166 1948 1239 1990 hoc
1259 1963 1374 1990 unum
1392 1982 1401 1998 ‚
1429 1951 1533 2005 quod

222 2031 333 2070 Laius
361 2045 380 2069 a
410 2028 582 2083 pluribus
610 2028 656 2069 sit
676 2028 914 2077 interfectus,
943 2042 1092 2069 servum
1127 2029 1249 2082 ipsum
1270 2030 1397 2070 videre
1413 2030 1529 2084 cupit,

219 2109 282 2163 qui
326 2108 428 2149 solus
466 2107 591 2148 caedis
635 2105 741 2146 testis
780 2106 952 2155 relictus,
996 2106 1081 2148 illos
1122 2114 1308 2162 sparserat
1337 2121 1530 2157 rumores,

220 2202 345 2244 neque
374 2188 487 2229 ullam
518 2188 787 2229 dubitationem
817 2189 943 2228 animo
971 2188 1107 2229 afflicto
1136 2188 1291 2229 haerere
1313 2189 1448 2242 patitur
1462 2189 1530 2241 (4).

261 2386 314 2431 (l)
357 2390 398 2420 93
412 2412 421 2429 ,
444 2389 497 2420 94.
858 2386 964 2420 τῶνδε
987 2387 1054 2431 γὰρ
1076 2387 1188 2421 πλέον
1208 2387 1294 2432 φέρω

349 2443 388 2476 τὸ
410 2442 540 2483 πένθος
563 2443 586 2483 ἢ
608 2444 666 2477 καί
688 2445 753 2484 τῆς
774 2443 858 2487 ἐμῆς
880 2441 999 2486 ψυχῆς
1019 2444 1108 2487 πέρι.

260 2498 309 2541 (2)
356 2501 430 2532 330.
861 2498 941 2531 ἀλλ’
964 2499 1096 2539 ἐννοεῖς

346 2553 437 2597 ἡμᾶς
461 2553 653 2596 προδοῦναι
673 2555 730 2587 καὶ
752 2556 977 2598 καταφθεῖρΐιι
999 2567 1025 2589 π
1038 2555 1160 2600 ὀλιν;
1183 2557 1268 2590 cons.
1290 2558 1363 2590 322*

257 2611 307 2652 (3)
354 2610 429 2646 ⁷4⁷.

254 2666 308 2708 (4)
354 2665 543 2708 ΜΑΒΒωιι,
566 2666 679 2708 Koniq
703 2666 858 2709 Oedipus,
882 2677 914 2710 p.
940 2668 1012 2699 142.
1058 2667 1192 2708 Oedipus
1215 2667 1285 2700 wia
1306 2668 1380 2700 abor
1411 2668 1527 2701 Walar-

213 2723 297 2762 Mic,
329 2723 422 2755 selbot
460 2723 525 2764 auf
541 2724 591 2755 die
616 2723 739 2764 Gesahr
761 2724 814 2755 dea
834 2724 944 2764 eiqnm
973 2723 1160 2757 Vardorbom
1182 2725 1251 2757 ltin.
1296 2724 1338 2757 So
1359 2725 1471 2765 ἀνίημι
1493 2734 1528 2755 or

209 2780 365 2810 vorwiirts
387 2779 447 2811 wie
468 2780 520 2811 ein
540 2779 645 2811 Mami
668 2779 735 2812 und
754 2779 852 2812 Held.
