1814 3190
886 307 936 347 51

265 452 380 492 vitare
417 453 584 506 potuisse
625 465 779 500 eorum,
821 465 918 507 quae
956 452 1092 492 inscius
1131 451 1383 500 commiserit,
1425 451 1562 492 lenitur

265 540 387 574 metus
404 564 415 581 ,
448 547 562 588 quem
592 534 682 573 tanti
712 534 780 574 viri
808 534 1033 574 calamitates
1060 546 1107 573 eo
1139 534 1253 586 magis
1272 535 1458 581 excitant,
1485 547 1561 587 quo

265 613 386 652 minus
414 614 492 666 ipse
521 613 597 652 suis
629 613 761 653 viribus
790 613 907 653 fretus
935 627 995 654 eas
1025 614 1240 667 praevidere
1259 614 1381 667 potuit
1437 612 1561 666 ltaque

262 692 611 733 vehementissimae
645 696 915 732 commotiones
930 725 938 739 ‚
978 707 1069 747 quas
1099 699 1225 732 nostra
1256 692 1443 744 tragoedia
1473 706 1560 745 prae

263 772 395 813 ceteris
440 775 609 822 excitat,
630 791 635 796 ³
646 773 757 827 justis
796 773 931 813 finibus
974 772 1352 820 circumscribuntur3
1396 773 1564 812 sentiunt

265 858 493 906 spectatores
523 853 627 904 leges
656 854 771 893 semel
802 853 955 894 violatas
973 853 1173 906 expiandas
1193 853 1366 903 essem),
1396 854 1562 892 sentiunt

246 932 446 986 Oedipum
475 946 552 973 non
583 933 652 973 nisi
680 946 765 973 cum
795 947 864 973 suo
893 934 1006 987 ipsius
1034 935 1153 974 eoeitio
1182 933 1327 974 liberari
1357 946 1468 986 posse
1487 940 1560 972 tam

265 1012 451 1053 horrenda
482 1012 618 1053 mentis
646 1015 838 1055 caecitate.

317 1092 447 1146 Neque
484 1101 608 1133 tamen
646 1095 945 1133 commotionum
975 1094 1142 1141 sedatio,
1183 1107 1294 1148 quam
1335 1093 1438 1133 affert
1479 1095 1558 1146 ipse

263 1184 388 1212 rerum
416 1179 591 1220 eventus,
621 1181 716 1214 esset
745 1174 927 1228 perfecta,
958 1173 1026 1213 nisi
1044 1173 1294 1227 intelligerent
1312 1180 1557 1227 spectatores,

261 1258 399 1307 quanta
427 1253 668 1292 commutatio
696 1254 733 1292 in
763 1253 877 1306 ipsius
907 1252 1038 1306 Oedipi
1066 1252 1189 1293 animo
1218 1258 1316 1293 esset
1345 1252 1459 1299 facta,
1489 1252 1560 1292 nisi

261 1332 510 1385 perspicerent
538 1345 623 1372 eum
638 1335 829 1385 poenitere
848 1332 1023 1379 levitatis,
1047 1333 1108 1371 cui
1127 1332 1324 1385 aliquando
1342 1331 1560 1384 imprudens

262 1411 489 1453 indulsisset.
547 1411 747 1466 Postquam
790 1413 968 1465 cognovit
1007 1413 1060 1452 vir
1100 1411 1226 1451 infelix
1263 1424 1304 1451 se
1344 1411 1559 1464 gravissima

264 1491 405 1531 scelera
443 1493 702 1540 commisisse,
745 1504 786 1531 se
824 1504 891 1546 per
927 1497 1042 1530 totam
1082 1492 1195 1530 vitam
1223 1490 1407 1530 felicitatis
1435 1492 1562 1544 specie

263 1573 463 1627 deceptum
507 1574 639 1620 fuisse,
679 1586 726 1612 eo
755 1572 901 1625 gravius
929 1572 1150 1626 supplicium
1180 1571 1248 1610 sibi
1277 1571 1456 1625 imponit,
1485 1585 1561 1625 quo

262 1653 397 1707 majore
426 1653 634 1694 temeritate
664 1652 738 1693 suis
768 1651 906 1692 viribus
935 1657 1012 1692 erat
1033 1651 1199 1692 confisus
1213 1649 1278 1702 (2).
1311 1651 1412 1692 Luce
1431 1650 1559 1691 animo

261 1732 390 1772 oborta
434 1733 628 1773 oculorum
685 1733 809 1772 lucem
860 1733 956 1772 ferre
995 1744 1073 1771 non
1117 1732 1274 1785 amplius
1311 1732 1443 1785 potuit.
1516 1732 1560 1770 Et

261 1812 399 1866 pietate
428 1812 605 1867 imprimis
633 1812 766 1853 ductus
793 1812 980 1852 caecitatis
1009 1825 1130 1865 poena
1159 1825 1200 1851 se
1228 1811 1373 1852 affecit:

478 1918 592 1950 αὐδῶν
613 1919 767 1961 τοιαῦθ’,
790 1918 941 1950 ὁθούνει)
966 1919 1027 1950 οὐκ
1048 1918 1195 1960 ὄψαιντό
1218 1931 1274 1950 νιν

476 1987 548 2018 οὔθ’
573 1986 614 2018 οἷ’
639 1987 793 2029 ἔπασχεν
816 1987 887 2018 052³
913 1987 1002 2020 ὁποῖ’
1027 1986 1106 2028 ἕδρα
1130 1986 1215 2019 κακά
1231 2012 1239 2028 ,

476 2055 556 2088 ἀλλ’
580 2056 618 2088 ἐν
640 2056 749 2098 σκότῳ
771 2056 811 2088 τὸ
833 2056 959 2089 λοιπὸν
981 2057 1039 2095 οὓς
1061 2057 1124 2098 μὲν
1145 2056 1206 2088 οὐκ
1227 2054 1291 2088 ἔδει

474 2114 609 2166 &pola-Y
622 2149 630 2166 ‚
652 2124 712 2162 οὓς
734 2123 761 2155 δ’
786 2123 929 2166 ἔχρῃζεν
952 2125 991 2156 οὗ
1014 2123 1208 2167 γνωσοίατο
1235 2124 1294 2166 (3).

302 2283 355 2328 (1)
397 2284 487 2317 Talia
509 2285 608 2317 etiam
632 2285 784 2327 exprimit
806 2284 954 2326 Chorus,
981 2285 1206 2319 1213-1215.

302 2340 357 2384 (2)
399 2341 486 2374 Cous.
524 2352 561 2374 x.
599 2351 630 2374 o.
667 2341 824 2382 mua,
864 2339 1044 2372 ambiente
1079 2340 1134 2371 der
1170 2340 1228 2374 G‘r.
1260 2340 1383 2381 liter„
1417 2351 1447 2383 p.
1489 2342 1563 2375 127.

259 2396 529 2435 Scmmnnwm,
551 2396 759 2436 Einleitamq,
785 2404 860 2437 pag.
883 2396 934 2426 20.

302 2449 353 2493 (3)
399 2450 629 2490 1270—1274,
663 2449 809 2492 ὄψαιντο
840 2467 883 2473 -
903 2455 1015 2482 contra
1047 2449 1149 2483 libros
1183 2451 1368 2483 emendavit
1406 2451 1563 2484 Herman-

260 2516 338 2548 nus‚
371 2516 467 2550 quem
501 2507 603 2539 secuti
637 2511 711 2539 sunt
743 2514 897 2539 wuumm
933 2508 966 2538 et
998 2514 1255 2539 scnumnzwm.
1301 2507 1424 2540 Locum
1461 2509 1563 2549 impe-

258 2562 362 2594 ditum
395 2561 548 2593 ὁθούνεκ’
582 2574 601 2593 κ
644 2573 673 2593 τ.
703 2562 736 2592 λ.
767 2567 857 2592 reete
888 2562 1122 2603 interpretatus
1153 2568 1202 2593 est
1239 2571 1275 2593 Η.
1308 2571 1415 2593 sun-11
1438 2562 1564 2603 (Kreti-

258 2618 329 2651 ⁸01ae
349 2617 560 2659 Anmerkunq
580 2627 607 2650 z.
631 2627 663 2649 v.
692 2615 937 2658 1270—1274):
962 2617 1039 2660 quia
1063 2627 1126 2650 non
1149 2617 1330 2659 vidissent,
1355 2628 1460 2661 neque
1476 2627 1564 2660 quae

259 2682 377 2715 passus
406 2679 515 2712 esset,
547 2683 654 2713 neque
684 2682 770 2713 quae
799 2678 964 2710 patrasset
995 2674 1102 2712 mala,
1130 2679 1163 2704 at
1187 2676 1219 2704 in
1248 2674 1391 2705 tenebris
1406 2675 1563 2714 posthac,

260 2737 344 2771 quos
377 2737 440 2760 non
473 2727 730 2761 debuissent
760 2727 895 2769 videre,
931 2729 952 2760 i.
975 2737 1006 2761 e.
1031 2728 1176 2769 liberos,
1201 2729 1351 2771 visuros,
1376 2739 1459 2771 quos
1485 2739 1566 2764 vero

260 2783 521 2818 debuissent
554 2786 576 2818 i.
600 2795 629 2817 e.
654 2790 807 2827 parentes
831 2794 893 2817 non
916 2785 1089 2826 agnituros
1112 2794 1196 2817 esse.
1233 2786 1281 2819 Cf.
1304 2795 1567 2818 scnmumzwm.

1272 2852 1339 2895 ⁴*
