1814 3190
883 298 909 339 Ἰ

251 446 306 486 vis
335 443 486 497 vestigia
517 444 642 484 desint
670 444 748 483 fer-e
778 444 927 492 omnia,
960 444 1169 484 exclamat:
1201 446 1288 482 ἀλλ’
1321 447 1363 493 ἐξ
1383 447 1557 497 ὑπαρχῆς

248 525 346 565 αὖθις
387 524 465 561 αὔτ’
494 524 567 572 ἐγὼ
597 527 703 571 φανῶ
730 526 781 575 (v.
814 522 921 574 152).
976 523 1086 570 Quod
1116 537 1192 578 qua
1222 526 1365 564 ratione
1395 524 1557 565 facturus

246 605 294 645 sit
331 617 421 644 mox
456 603 572 644 choro
610 603 736 656 populi
775 603 901 643 locum
940 604 1059 643 tuenti
1090 603 1270 644 declarat.
1321 604 1429 644 Cives
1463 618 1551 644 om-

245 698 314 726 nes
348 685 455 737 jubet
491 684 644 724 sceleris
671 690 862 732 auctores,
901 686 932 724 si
961 685 1058 725 forte
1087 684 1238 733 norint,
1287 685 1472 733 indicare,
1501 706 1554 715 —-

245 763 430 804 levissima
472 764 661 817 proposita
696 776 818 818 poena
848 777 954 803 reum
988 763 1175 805 adducere
1203 770 1385 813 conatur,
1425 770 1466 805 ut
1494 766 1551 805 sui

243 844 360 898 ¹ipsius
379 844 648 884 accusationem
660 875 670 891 ,
689 844 860 897 quamvis
878 843 1106 884 reconditam
1119 875 1129 892 ,
1149 850 1295 896 promat
1312 844 1391 895 (1),
1421 844 1548 884 latenti

245 936 333 964 vero
367 925 508 964 auctori
536 922 770 976 gravissimas
799 922 1026 976 imprecatur
1053 922 1174 972 diras,
1192 923 1312 979 iisque
1331 936 1371 964 se
1392 924 1469 978 ipse
1488 924 1551 964 in-

246 1004 389 1051 volvit,
421 1003 451 1043 si
469 1016 509 1043 se
527 1004 670 1043 sciente
690 1003 828 1043 domus
848 1016 936 1043 suae
951 1003 998 1042 sit
1015 1016 1171 1044 consors
1193 1004 1255 1044 ille
1272 1036 1281 1053 ‚
1311 1019 1423 1058 quem
1438 1006 1550 1058 justis

242 1083 374 1137 poenis
402 1083 547 1123 afficere
570 1082 699 1137 jubeat
729 1083 838 1123 deus.
894 1082 1023 1137 ltaque
1052 1082 1217 1137 Oedipus
1252 1085 1287 1124 in
1308 1085 1365 1125 his
1384 1085 1549 1125 consiliis

240 1163 417 1204 ineundis
447 1163 516 1203 sibi
536 1176 608 1203 mm
627 1165 772 1216 parcit,
792 1162 859 1202 sibi
879 1163 1023 1209 eadem,
1045 1175 1140 1216 quae
1158 1163 1313 1211 civibus,
1335 1170 1377 1204 ut
1392 1142 1552 1205 sanctis-

238 1245 374 1286 simum
395 1244 557 1285 officium
573 1243 732 1297 imponit
744 1242 842 1294 ξένῳ
860 1243 931 1280 7οὸ
952 1242 1070 1291 λόγου
1081 1272 1094 1293 ,
1113 1242 1207 1296 ξένῳ
1221 1252 1291 1283 τοῦ·
1306 1244 1547 1293 πραχθέντος,

245 1325 451 1365 Suoeenset
478 1324 683 1372 Thebanis,
726 1322 827 1378 quod
856 1323 986 1377 optimi
1015 1324 1115 1376 regis
1149 1323 1299 1364 caedem
1339 1337 1415 1364 non
1454 1324 1552 1364 ultro

245 1405 516 1446 vindicaverint
534 1405 618 1459 (2),
670 1406 749 1458 ipse
795 1417 880 1445 sero
918 1404 1099 1454 edoctus,
1130 1417 1199 1458 pro
1230 1418 1321 1458 rege
1351 1406 1548 1446 interfecto

239 1493 428 1541 tamquam
483 1493 586 1541 patre
630 1493 861 1541 pugnaturus
882 1486 961 1539 (5),
1010 1487 1109 1528 nulla
1157 1500 1235 1526 non
1284 1487 1538 1540 investigabit.

237 1566 306 1607 Cui
367 1566 641 1620 investigationi
699 1567 807 1607 unice
865 1567 1032 1608 intentus
1096 1580 1145 1607 ne
1195 1568 1349 1607 minima
1391 1568 1543 1623 quidem

242 1633 473 1700 cognoscere
501 1647 745 1700 dedignatur,
776 1647 957 1702 chorique
987 1648 1106 1688 verbis
1128 1661 1235 1688 aures
1254 1649 1317 1688 dat
1338 1649 1547 1689 attentissi—

239 1741 320 1768 mas
337 1727 407 1781 (4).
442 1727 570 1781 ltaque
590 1727 678 1768 huic
697 1728 892 1776 suadenti,
913 1734 952 1768 ut
972 1734 1089 1769 vatem
1110 1730 1277 1770 omnium
1298 1730 1546 1770 certissimum

238 1812 422 1855 arcessat,
464 1807 665 1860 respondet
703 1820 744 1847 se
779 1807 856 1861 jam
898 1808 1043 1848 misisse
1075 1808 1165 1848 duas
1195 1808 1403 1861 legationes
1430 1822 1545 1864 seque

237 1887 363 1927 mirari
400 1888 574 1927 nondum
616 1888 776 1935 adesse,
806 1901 920 1941 quem
960 1894 1065 1929 tanto
1104 1889 1230 1929 studio
1262 1896 1454 1943 exspectet
1472 1891 1544 1942 (5).

237 1968 338 2009 Vatis
367 1968 503 2009 deinde
533 1968 653 2009 verbis
681 1982 799 2023 quum
829 1968 897 2010 alia
925 1970 1050 2010 omnia
1078 1970 1307 2024 evulgentur
1325 1976 1437 2025 atque
1455 1984 1544 2025 spe-

237 2056 378 2089 raverat
397 2081 407 2098 ,
450 2062 566 2102 quum
596 2062 616 2088 a
646 2063 796 2089 summo
826 2049 967 2101 gloriae
995 2050 1142 2104 fastigio
1172 2051 1273 2105 quasi
1303 2051 1470 2105 dejectus
1497 2054 1545 2093 ad

237 2129 513 2170 acerbissimam
552 2130 642 2169 iram
682 2129 916 2178 concitetur,
967 2130 1103 2170 civium
1150 2131 1425 2172 carissimorum
1467 2146 1542 2173 non

235 2208 484 2258 obliviscitur,
509 2210 577 2249 sed
605 2209 727 2250 caedis
750 2210 828 2263 jam
856 2217 1044 2250 aecusatus
1062 2242 1071 2259 ,
1101 2213 1404 2266 gravissimisque
1423 2214 1543 2254 verbis

276 2356 328 2399 (1)
371 2358 457 2399 227,
491 2358 540 2390 κεί
568 2359 632 2400 μὲν
653 2358 834 2401 φοβεῖται,
859 2359 1061 2402 τοὺπίκλημ’
1084 2359 1266 2398 ὑπεξελών.
1310 2373 1522 2397 HERMANNUS

233 2412 317 2446 haud
341 2422 468 2446 memor
490 2423 624 2457 eorum,
644 2424 730 2457 quae
751 2415 790 2447 ad
814 2415 933 2448 Electr.
963 2419 1043 2449 1410
1064 2417 1250 2451 adnotavit:
1275 2418 1469 2462 ὑπεξαιρεῐν
1489 2402 1544 2459 εει,

233 2469 360 2502 occulta
382 2476 414 2501 et
439 2470 605 2502 recondita
622 2480 793 2512 promere,
811 2471 895 2503 maie
911 2473 955 2504 ita
971 2473 1202 2515 interpretatus
1218 2480 1268 2506 est
1283 2489 1290 2507 ι
1309 2475 1542 2517 mbtnfuqiem

239 2526 464 2558 accusationem
485 2527 539 2558 sui
560 2527 671 2567 ipsius.
714 2527 804 2560 Conf.
829 2532 944 2561 contra
967 2526 1147 2562 Scheidew.
1191 2530 1346 2565 Ceterum
1369 2542 1431 2565 non
1458 2543 1542 2575 opus

238 2586 289 2612 est
309 2580 423 2612 audaci
446 2581 634 2621 conjectura
657 2591 871 2616 nam-tmen:
898 2583 1062 2627 ἐπεξίτω,
1085 2586 1143 2618 sed
1161 2587 1339 2628 legendum
1355 2587 1542 2624 ὑπεξελεῖν.

277 2635 327 2678 (2)
375 2638 459 2678 256,
483 2646 577 2679 seqq.

277 2689 328 2733 (3)
373 2693 444 2723 264.
489 2692 580 2725 Conf.
605 2702 814 2727 sonu-amm.

279 2745 331 2789 (4)
374 2747 455 2788 283,
478 2748 550 2781 291.

278 2801 329 2845 (5)
378 2804 459 2845 288,
483 2804 557 2836 289.
