1814 3190
897 250 948 292 18

267 408 335 448 pus
374 395 496 436 verbis
525 403 722 450 parentum
737 430 746 447 ,
789 399 862 440 urit
897 411 984 439 eum
1014 399 1084 440 tale
1111 399 1352 454 opprobrium
1372 430 1382 448 ,
1431 399 1571 440 identi-

265 476 428 531 demque
465 477 563 518 subit
604 483 773 519 mentem
814 479 990 534 agitatam
1019 478 1090 533 (1).
1146 478 1278 534 Neque
1306 485 1432 520 tamen
1465 492 1571 520 curas

265 558 301 596 in
353 563 502 611 pectore
541 558 631 598 fixas
672 572 759 598 cum
799 558 1017 612 parentibus
1044 559 1315 606 communicat,
1358 557 1426 598 sed
1454 558 1570 612 λάθρᾳ

264 638 398 686 μητρὸς
435 638 496 675 καὶ
525 639 660 688 πατρός·
688 638 878 680 oraculum
908 637 1104 692 Pythicum
1134 639 1235 687 adit,
1266 646 1307 680 ut
1335 653 1380 680 ex
1410 651 1457 679 eo
1486 650 1572 678 vera

263 723 477 769 cognoscat.
533 717 607 758 Sed
647 732 724 758 non
766 719 929 774 dispellit
968 719 1139 760 tenebras
1181 718 1314 774 Apollo
1354 718 1570 773 gravissima

264 798 496 840 vaticinatus.
554 799 696 846 Quibus
723 800 858 840 auditis
891 799 1082 853 Oedipus,
1112 812 1184 853 qua
1214 806 1271 840 est
1299 799 1436 853 pietate
1453 831 1462 846 ,
1493 798 1573 852 pri-

267 893 371 920 mum
400 880 515 921 animi
545 881 725 934 impetum
765 886 916 922 secutus
950 881 1104 936 patriam
1141 879 1317 935 relinquit
1344 886 1383 920 et
1411 879 1569 933 effugit,

265 975 313 1001 ne
349 961 512 1016 unquam
542 967 641 1002 ratae
671 963 763 1003 tiant
792 962 896 1003 dirae
925 962 1006 1003 illae
1037 961 1324 1002 vaticinationes
1342 959 1412 1015 (2).

317 1041 391 1082 Sed
431 1042 600 1081 nondum
637 1043 750 1095 longe
777 1056 797 1081 a
826 1043 979 1096 Delphis
1015 1055 1233 1096 progressus
1261 1041 1418 1082 offendit
1450 1042 1568 1080 virum

261 1122 368 1162 annis
383 1128 574 1175 gravatum
587 1155 596 1172 ,
612 1135 724 1177 quem
745 1122 848 1177 pauci
868 1122 1122 1171 comitantum
1144 1123 1191 1162 de
1211 1122 1266 1163 via
1286 1134 1362 1162 non
1383 1121 1485 1162 cedit
1504 1153 1513 1170 ,
1537 1121 1571 1160 vi

261 1202 493 1251 detruditur,
524 1203 575 1242 ira
604 1203 778 1244 incensus
807 1204 890 1244 ferit
919 1203 1101 1256 aurigam,
1135 1216 1221 1243 mox
1236 1203 1432 1243 dominum
1451 1203 1570 1256 ipsum

263 1282 359 1323 hanc
380 1283 549 1338 injuriam
570 1283 822 1323 vindicantem
841 1282 1007 1337 scipione
1030 1282 1080 1323 ita
1101 1281 1262 1336 percutit
1276 1313 1285 1330 ,
1311 1288 1353 1322 ut
1371 1280 1572 1335 resupinus

259 1361 308 1402 de
344 1362 459 1402 rheda
499 1362 742 1410 devolvatur,
772 1362 999 1415 tandemque
1030 1361 1195 1415 reliquos
1231 1374 1390 1409 omnes,
1420 1368 1569 1414 praeter

264 1441 470 1496 unum(5)‚
504 1442 676 1484 interficit
691 1442 759 1494 (4).
776 1466 830 1473 —
850 1442 952 1490 Quae
981 1442 1116 1483 caedes
1145 1442 1214 1483 etsi
1243 1455 1290 1482 ex
1320 1443 1401 1483 aevi
1431 1441 1571 1482 heroici

304 1682 356 1725 (1)
400 1683 471 1717 786.
517 1682 655 1726 ὑφεῖρπε
692 1683 760 1725 γὰρ
796 1682 888 1717 πολ-ὑ
928 1683 1012 1715 male
1048 1694 1222 1726 namnum,
1259 1684 1334 1718 Lex.
1372 1684 1468 1725 soph.
1482 1707 1492 1725 ,
1528 1684 1570 1718 de

262 1740 383 1782 sparsis
406 1739 592 1771 rumoribus
614 1740 858 1781 interpretatur.

304 1795 356 1837 (2)
399 1796 528 1827 ΤΒΕοῐ).
544 1804 636 1826 xocx
647 1819 655 1835 ,
673 1805 702 1837 p.
719 1795 778 1835 54,
805 1794 939 1834 Oedipus
956 1795 998 1826 iat
1013 1794 1136 1826 betaubt
1144 1805 1159 1831 ,·
1174 1796 1238 1826 volt
1250 1799 1375 1827 star-ren
1390 1795 1572 1828 Entaetnem

265 1850 340 1881 iiber
362 1851 420 1881 den
443 1850 511 1882 ihm
530 1850 731 1890 qewordenen
753 1850 907 1883 Baccheia
925 1851 1065 1891 iiberleqt
1085 1860 1120 1881 er
1141 1851 1245 1882 desem
1266 1851 1448 1891 Bedoucumq
1461 1851 1573 1888 nicht,-

263 1916 298 1938 er
311 1906 401 1947 susat
423 1906 481 1937 dac
505 1905 622 1937 Orokel
643 1908 679 1938 in
701 1908 816 1938 acinam
838 1906 1021 1938 war-nioben
1043 1906 1145 1947 Siren,
1168 1907 1210 1937 da
1224 1916 1258 1937 er
1272 1907 1347 1937 doch
1362 1907 1411 1938 bei
1420 1916 1574 1947 qenauere

261 1962 447 2002 Erwqumtq
479 1962 547 1993 eine
580 1961 723 2002 einfache
760 1962 926 2002 Warmmq
956 1962 1054 1993 daria
1074 1963 1163 1994 Mitte
1176 1963 1290 2003 finden
1311 1962 1443 1994 miieeen.
1488 1962 1570 1994 Tum

262 2019 362 2051 etiam
395 2019 464 2059 agit
494 2018 561 2059 sic,
594 2026 632 2049 ac
667 2018 695 2049 si
731 2017 832 2051 dubio
869 2018 971 2050 maius
1006 2023 1111 2060 esset,
1145 2017 1303 2060 Polybum
1326 2023 1451 2060 patrem
1474 2027 1575 2051 suum*

260 2083 346 2106 esse.

304 2127 357 2170 (3)
400 2128 564 2160 Comitum
609 2127 677 2160 Laii
714 2137 811 2159 unum
845 2127 990 2159 evasisse
1026 2138 1103 2170 prae,
1138 2127 1305 2160 iracundia
1340 2137 1403 2160 non
1439 2127 1568 2161 viderat

265 2183 430 2226 Oedipum
454 2192 501 2215 vs,
526 2185 598 2215 813.
623 2183 742 2214 κτείνω
766 2180 799 2213 δὲ
823 2183 906 2220 τοὺς
928 2182 1141 2224 ξύμπαντας.

303 2238 354 2282 (4)
400 2239 452 2270 Vs.
477 2240 540 2270 802
562 2246 632 2280 sqq.
678 2239 724 2270 Ex
748 2237 863 2279 Oedipi
887 2240 1077 2270 narratione
1100 2239 1178 2270 satis
1201 2244 1314 2280 patere
1331 2238 1425 2271 nobis
1440 2239 1570 2271 videtur

259 2304 334 2327 eum
367 2295 409 2327 de
432 2295 506 2335 via,
541 2303 625 2337 quae
648 2299 787 2336 angusta
810 2298 881 2325 erat
904 2294 950 2334 (v.
978 2294 1076 2334 1399)
1096 2294 1216 2326 cedere
1240 2294 1405 2337 noluisse,
1429 2304 1568 2337 eumque

259 2351 318 2382 hac
351 2351 422 2392 ipsa
452 2350 493 2381 de
517 2358 615 2381 causa
637 2349 679 2380 ab
701 2350 817 2390 auriga
838 2349 1010 2381 detrusum
1035 2349 1146 2381 fuisse.
1170 2366 1211 2373 —
1237 2348 1347 2391 {taque
1371 2359 1434 2382 non
1457 2359 1568 2382 assen-

260 2407 359 2438 timur
389 2414 655 2438 scnnnxnnwmo
692 2405 755 2438 hoc
790 2405 864 2437 loco
886 2405 1016 2447 culpam
1039 2411 1073 2438 et
1097 2405 1315 2437 temeritatem
1338 2404 1452 2447 Oedipi
1478 2406 1567 2439 omni

261 2461 361 2495 modo
392 2461 534 2494 elevanti
569 2460 772 2503 (Einleitunq
804 2471 874 2493 zum
900 2461 1034 2501 Oedipus
1072 2461 1257 2502 Pyrannos,
1282 2471 1312 2502 p.
1338 2463 1397 2501 18,
1419 2461 1468 2492 die
1490 2461 1570 2503 Saffo

258 2527 326 2549 vom
364 2517 518 2556 Oedipus,
554 2526 585 2558 p.
609 2515 666 2555 20)
697 2525 802 2557 eoque
835 2516 986 2556 inprimis
1017 2521 1213 2556 argumento
1238 2516 1360 2556 utenti,
1396 2521 1430 2548 ut
1451 2516 1568 2557 probet

259 2572 419 2616 Oedipum
443 2583 462 2605 a
486 2571 652 2615 Sophocle
675 2571 880 2604 innocentem
903 2580 977 2603 esse
1000 2571 1118 2604 fictum.
1155 2571 1268 2613 Neque
1289 2571 1477 2604 conferendi
1494 2577 1568 2604 sunt

258 2630 321 2661 loci
357 2630 387 2660 in
426 2629 533 2667 Oedip,
570 2628 696 2666 adom,
728 2636 776 2658 VS.
810 2626 873 2660 270
906 2636 997 2668 seq.‚
1034 2627 1097 2660 647
1132 2636 1225 2668 seq.‚
1258 2627 1342 2666 976,
1366 2628 1430 2658 992
1452 2635 1567 2668 seqq.;

255 2683 467 2726 parricidium
505 2682 657 2725 inprimis
695 2687 883 2724 spectantes
918 2680 1018 2724 (conf.
1041 2690 1259 2723 manmena,
1298 2691 1329 2723 p.
1357 2683 1437 2722 160,
1479 2682 1570 2722 158).

254 2740 336 2772 Cum
370 2739 558 2771 narratione
581 2738 680 2780 Soph.
704 2742 958 2779 comparentur,
991 2747 1074 2780 quae
1096 2737 1193 2770 habet
1216 2737 1368 2770 Nicotaus
1382 2737 1566 2770 'Damasce-
