1814 3190
874 299 927 340 53

258 450 424 493 vissimas
466 449 563 490 diras
592 447 628 488 in
659 460 768 487 suum
796 450 906 501 caput
933 446 1141 488 devocavit.
1201 447 1287 488 Non
1319 448 1399 488 sine
1429 449 1558 494 dolore

260 531 376 571 sentit
416 543 485 570 suo
522 527 695 575 decreto,
738 539 814 566 non
854 526 899 565 ab
936 526 1009 565 alio
1052 539 1093 566 se
1132 527 1198 568 hac
1236 529 1353 570 salute
1381 532 1562 584 privatum

257 623 363 658 esse,
394 614 434 650 ut
462 607 507 648 ad
535 607 635 647 cives
663 619 703 647 se
732 611 968 646 converteret
997 620 1135 661 eosque
1154 608 1426 663 alloqueretur,
1455 627 1550 666 quos

258 691 373 746 patris
411 688 526 731 instar
563 685 785 739 amabat(1).
844 684 1018 726 Attamen
1050 686 1139 727 illud
1168 687 1357 730 decretum
1386 690 1553 745 effugere

259 772 294 811 ei
332 772 371 811 in
411 770 536 809 animo
578 781 651 806 non
681 773 752 807 est.
812 767 1018 807 Identidem
1049 774 1241 821 precatur,
1272 778 1312 809 ut
1340 784 1381 810 se
1410 772 1556 826 ejiciant

260 849 324 887 τὸν
359 848 645 897 καταρατότιιτον
659 878 669 894 ,
707 845 770 882 τὸν
799 848 895 883 θεοῖς
925 846 1152 896 ἐχθρότατον
1178 852 1326 897 βροτῶν
1336 850 1407 904 (2)
1464 852 1562 899 Quin

221 972 223 974 ,
259 930 370 970 etiam
412 927 449 968 in
480 926 536 967 his
564 926 732 981 precibus
762 926 1024 966 vehementiae
1054 928 1206 982 vestigia
1235 931 1416 984 quaedam
1445 945 1560 986 appa-

260 1015 356 1050 rent.
414 1007 536 1055 Quum
575 1007 675 1048 enim
716 1007 837 1048 Creon
879 1006 1065 1048 dubitaret
1093 1008 1306 1049 satisfacere
1334 1009 1465 1064 Oedipi
1494 1025 1566 1051 vo-

262 1087 414 1136 luntati,
457 1088 670 1141 priusquam
711 1086 826 1128 Deum
857 1087 993 1127 iterum
1022 1087 1312 1142 interrogasset,
1355 1091 1562 1145 respondet

266 1169 452 1223 Oedipus:
1494 1151 1497 1156 Ι

473 1260 552 1293 ἀλλ’
578 1260 598 1301 ἥ
621 1262 651 1304 γ’
677 1260 803 1293 ἐκείνου
824 1261 907 1293 πᾶσ’
933 1260 1089 1302 ἐδηλώθη
1111 1262 1210 1305 φάτις

482 1330 544 1362 τὸν
566 1329 836 1371 πατροφόνων,
861 1330 923 1361 τὸν
945 1329 1056 1370 ἀσεβῆ
1080 1333 1113 1373 μ’
1137 1331 1565 1375 &numadum-41).

320 1411 446 1465 itaque
496 1417 640 1452 tantum
688 1410 790 1451 abest
840 1415 880 1450 ut
929 1410 1072 1465 culpam
1115 1413 1153 1453 in
1193 1413 1283 1454 alios
1311 1415 1496 1462 conferat,
1526 1421 1568 1455 ut

259 1493 379 1547 justas
423 1505 566 1546 poenas
607 1491 744 1532 differri
774 1490 870 1531 haud
899 1504 1018 1546 aequo
1046 1493 1170 1534 animo
1198 1494 1367 1547 patiatur.
1424 1495 1567 1542 Quodsi

268 1575 303 1615 in
334 1574 404 1615 hac
430 1574 668 1615 damnatione
697 1572 807 1613 nimia
836 1573 946 1614 animi
977 1574 1202 1633 perturbatio
1232 1576 1456 1630 conspicitur
1485 1590 1560 1617 non

270 1656 587 1703 obliviscendum,
626 1668 697 1709 qua
738 1653 866 1694 indole
904 1654 1110 1707 praeditum
1150 1658 1258 1710 poe‘ta
1298 1669 1383 1697 eum
1421 1670 1565 1712 propo-

266 1738 391 1777 suerit.
458 1736 635 1776 Animum
678 1734 965 1782 vehementem,
1027 1735 1161 1775 fortem
1210 1743 1248 1776 et
1287 1738 1464 1777 invictum
1521 1750 1565 1775 ne

261 1818 489 1868 ,qv-ovissima
540 1815 689 1868 quidem
747 1813 840 1853 mala
897 1813 1024 1854 delere
1085 1820 1289 1869 potuerunt
1324 1815 1392 1867 (5).
1480 1817 1565 1863 Quo

264 1896 397 1936 clarius
442 1901 566 1936 autem
614 1894 675 1934 lux
722 1893 886 1934 veritatis
933 1894 969 1934 in
1007 1907 1054 1934 eo
1091 1895 1327 1942 accenditur,
1363 1909 1409 1936 eo
1449 1896 1568 1949 magis

265 1976 429 2017 ostendit
469 1988 592 2015 mores
632 1973 828 2023 amabiles,
867 1987 959 2028 quos
998 1975 1105 2013 initio
1148 1976 1360 2026 tragoediae
1398 1976 1570 2016 admirati

265 2069 410 2097 sumus.

307 2247 360 2292 (1)
407 2248 500 2282 1317.
932 2245 1006 2278 οἷον
1029 2243 1135 2278 siuks„
1157 2244 1265 2287 μ’ἅμα

562 2302 713 2344 κέντρων
736 2312 769 2333 τε
795 2300 893 2334 τῶνδ’
918 2301 1086 2343 οἶστρημα
1108 2301 1165 2333 καὶ
1186 2300 1305 2343 μνήμη
1329 2304 1453 2334 κακῶν.

307 2359 417 2393 Verbo
450 2359 535 2391 enim
569 2360 682 2391 κακῶν
714 2356 872 2390 maleficia
904 2356 1043 2399 intelligi
1070 2355 1164 2399 (conf.
1190 2356 1286 2399 1423)
1313 2362 1403 2389 recte
1423 2356 1568 2389 animad-

267 2417 367 2448 vertit
387 2424 648 2447 souxmmzwm.

306 2470 362 2513 (2)
407 2469 500 2503 1379.
844 2470 915 2499 τῶν
938 2467 956 2499 ὁ
979 2467 1196 2510 παντλήμων
1219 2466 1283 2511 ἐγὼ

522 2523 723 2567 ἀπεστέρηθ
749 2523 898 2565 ἐμαυτόν
912 2548 921 2566 ,
943 2525 995 2556 αὐ
1008 2536 1028 2556 τ
1040 2524 1059 2556 ὸ
1071 2536 1088 2562 ς
1110 2524 1306 2557 ἐννέπων

523 2580 627 2611 ὠθεῖν
648 2580 828 2620 ἅπαντας,
852 2579 914 2610 τὸν
935 2578 1046 2620 ἀσεβῆ
1059 2603 1068 2621 ,
1092 2579 1154 2611 τὸν
1176 2579 1211 2610 ἐκ
1234 2580 1325 2611 θεῶν

522 2634 661 2678 φανέντ’
681 2632 841 2678 ἄναγνον
862 2635 918 2667 καὶ
940 2633 1060 2678 γίνους
1083 2635 1143 2668 τοῦ
1167 2634 1273 2668 Λαΐου

266 2693 327 2724 τὸν
358 2691 469 2732 ἀσεβῆ
500 2703 530 2723 κ.
563 2702 594 2722 τ.
626 2692 659 2722 λ.
688 2691 728 2723 ad
752 2690 958 2732 άπεστέρησ’
980 2690 1132 2732 ἐμαυτὸν
1152 2690 1359 2723 referendum
1382 2698 1456 2721 esse
1479 2693 1569 2721 recte

267 2748 393 2783 monuit
415 2747 629 2781 Hermannus.

307 2805 363 2848 (3)
407 2802 502 2837 Oonf.
529 2805 612 2836 1340
624 2813 737 2846 seqq.,
765 2804 848 2836 1410
872 2811 987 2844 seqq„
1014 2802 1109 2835 1436.
