1814 3190
879 279 933 321 44

240 432 347 472 tione
389 429 525 483 insigni
565 432 643 470 arte
685 432 929 483 praeparatur
965 428 1187 470 intercessio
1216 429 1403 479 locastae.
1443 431 1553 474 cuius

239 522 423 565 persona,
470 515 600 564 utpote
627 507 789 558 semina,
829 507 996 564 inprimis
1024 515 1108 563 apta
1138 514 1196 550 est
1223 509 1269 551 ad
1299 510 1553 565 perturbatio-

240 604 332 632 num
363 595 626 644 tempestatem
655 588 860 630 sedandam
878 588 950 640 (1).
995 588 1284 630 Reconciliantis
1313 595 1352 630 et
1378 590 1554 645 placentis

243 676 369 726 partes
396 670 449 712 sic
478 670 576 724 agit,
608 676 648 710 ut
677 668 845 724 Oedipus
874 667 1140 710 dilectissimae
1166 670 1273 710 uxori
1293 671 1456 711 remittat
1473 670 1554 712 fer-

241 756 392 792 ventem
431 750 660 791 iracundiam
676 781 685 797 ,
731 748 792 792 vix
836 754 964 790 autem
1006 747 1190 789 intellexit
1236 749 1347 791 verba
1388 751 1550 792 Tiresiae

243 831 343 884 regis
381 830 628 886 suspicionem
670 831 830 871 movisse
846 861 855 878 ,
897 843 1012 884 quum
1052 828 1220 870 simulata
1259 830 1429 871 oratione
1457 832 1550 872 vatis

243 910 507 951 auctoritatem
550 910 724 964 frangere
768 915 940 951 conetur.
1012 909 1060 950 Et
1105 908 1179 950 hoc
1214 910 1364 965 quidem
1403 911 1549 953 initium

246 997 302 1031 est
332 991 448 1031 mirae
477 990 572 1031 illius
598 990 847 1038 περιπετείας,
875 1003 948 1043 qua
977 989 1040 1037 fit,
1070 995 1110 1028 ut
1129 989 1293 1042 Oedipus
1311 1003 1359 1030 ex
1376 991 1550 1031 altissimo

246 1083 381 1111 somno
409 1070 704 1125 expergiscatur.

301 1151 455 1192 Summa
484 1151 538 1191 vis
567 1150 704 1204 tragica
735 1150 771 1189 in
793 1162 839 1189 eo
857 1154 917 1189 est
935 1148 1074 1203 posita,
1105 1148 1207 1202 quod
1228 1162 1323 1203 quae
1343 1149 1389 1190 ad
1409 1148 1553 1190 tollen-

242 1232 328 1273 dam
366 1233 543 1287 pietatem
583 1238 672 1273 sunt
700 1220 907 1285 excogitata
936 1230 1123 1285 Oedipum
1151 1230 1196 1271 ad
1227 1230 1404 1285 pietatem
1433 1231 1551 1272 redu-

243 1320 336 1354 cunt
360 1310 430 1366 (2).
500 1312 620 1361 Quem
663 1313 902 1365 gravissimae
947 1311 1227 1353 admonitiones
1274 1325 1425 1353 movere
1473 1326 1549 1353 non

243 1397 474 1446 potuerunt,
514 1406 601 1433 eum
640 1397 768 1433 movet
796 1405 914 1432 unum
943 1392 1100 1433 verbum
1129 1384 1226 1432 forte
1256 1392 1405 1434 fortuna
1434 1384 1551 1434 emis:-

243 1485 340 1512 sum.
396 1471 481 1512 Non
511 1471 669 1525 amplius
699 1471 818 1511 virum
847 1471 925 1512 suis
954 1471 1090 1511 viribus
1120 1472 1255 1511 fretum
1274 1505 1284 1521 ‚
1313 1485 1391 1512 non
1420 1484 1549 1526 regem

243 1552 292 1593 de
338 1564 457 1604 regno
501 1551 685 1592 servando
733 1551 932 1592 sollicitum
949 1584 958 1600 ,
1004 1564 1082 1592 non
1129 1551 1289 1592 amicum
1338 1552 1550 1605 gravissima

243 1633 363 1673 officia
393 1631 594 1672 violantem
615 1631 798 1680 videmus,
832 1632 898 1672 sed
919 1632 1128 1681 hominem,
1159 1646 1271 1687 quem
1293 1638 1398 1673 tenet
1418 1638 1548 1685 ψυχῆς

241 1711 417 1761 πλάνημα
456 1711 687 1760 κάνακίνησις
723 1713 883 1761 φρενῶν.
915 1734 969 1742 -
997 1712 1151 1766 Singula
1189 1713 1361 1767 quaerit,
1403 1726 1547 1754 conve-

242 1792 353 1832 niunt
382 1792 527 1838 omnia.
559 1797 704 1846 praeter
733 1791 807 1832 hoc
835 1806 974 1840 unum,
1004 1792 1105 1847 quod
1125 1792 1234 1834 Laius
1253 1806 1329 1834 non
1352 1793 1462 1834 unius
1481 1793 1548 1834 sed

241 1872 448 1912 multorum
490 1885 612 1926 opera¹
648 1878 707 1912 est
746 1872 965 1913 interfectus
985 1873 1054 1926 (5).
1114 1873 1241 1928 ltaque
1271 1887 1370 1914 nunc
1397 1873 1548 1929 quidem

241 2012 325 2019 ——-
352 2013 411 2018 „„-

242 2103 364 2145 φονεὺς
386 2101 435 2135 ὧν
459 2101 555 2135 τοῦδε
580 2101 727 2144 τάνδρὸς
749 2102 923 2145 ἐμφανῶς,
947 2103 1050 2135 verba
1074 2101 1170 2135 τοῦδε
1194 2101 1339 2145 τάνδρός
1355 2103 1487 2135 omnino
1509 2102 1548 2134 ad

242 2159 356 2191 Laium
390 2159 555 2200 pertinere
587 2158 774 2199 contendit,
809 2168 843 2200 p,
880 2161 939 2191 131
963 2159 994 2191 in
1018 2159 1113 2201 adn.;
1146 2159 1232 2191 conf.
1259 2166 1481 2198 rmnmmz,
1517 2166 1550 2198 p.

242 2214 327 2255 1653
351 2223 507 2252 onum,
530 2213 693 2253 Ariadne,
719 2223 750 2256 p.
775 2214 849 2246 163.

284 2270 338 2312 (1)
382 2268 571 2311 limma,
605 2279 636 2311 p.
679 2271 760 2302 132:
795 2268 939 2310 Iocaste,
974 2269 1025 2301 die
1057 2269 1226 2302 Gamalam
1254 2269 1306 2301 des
1331 2268 1466 2309 Oedipus
1487 2270 1556 2302 und

241 2325 415 2358 Sohwmor
447 2324 499 2357 des
532 2324 642 2357 Kreon
664 2325 707 2357 iet
728 2334 787 2356 von
807 2325 863 2356 dor
884 2324 995 2357 Natur
1016 2324 1109 2357 solbat
1130 2334 1188 2356 zur
1210 2324 1378 2356 Mittlort'n
1399 2323 1551 2356 zwisalten

240 2381 347 2413 boiam
368 2380 535 2413 bocto‘mmt.

281 2434 332 2477 (2)
375 2436 467 2469 Cous.
501 2444 536 2468 ιι.
570 2446 601 2469 ο.
632 2436 794 2478 uiinmm,
829 2435 1012 2469 &ueniente
1043 2436 1099 2468 der
1124 2435 1345 2468 ormhisohen
1374 2435 1548 2477 limatur,

240 2503 270 2534 p.
309 2493 381 2525 126.
427 2491 544 2524 Mirum
578 2497 667 2524 esset
697 2492 779 2524 hanc
809 2491 1027 2534 περιπέτειαν
1050 2492 1093 2524 ab
1116 2491 1296 2524 Aristotele
1319 2500 1383 2523 non
1404 2500 1548 2524 comme-

239 2548 359 2581 morari
394 2548 456 2580 nisi
481 2548 554 2580 eius
585 2546 626 2579 de
658 2558 773 2589 περιπ.
795 2547 972 2591 disputatio
995 2546 1076 2588 (vid.
1098 2555 1246 2585 mrum.
1279 2546 1319 2579 ad
1336 2556 1412 2590 cap.
1439 2546 1492 2590 11)
1516 2548 1548 2580 in

243 2604 473 2646 compendium
497 2609 586 2635 esset
608 2603 749 2636 redacta.
1090 2596 1092 2599 ’

281 2659 333 2700 (3)
376 2659 454 2692 716.
500 2659 556 2691 καὶ
581 2658 644 2691 τὸν
666 2658 746 2700 μὲν,
769 2658 883 2700 ὥσπερ
905 2657 962 2701 γ’ἡ
985 2658 1105 2700 φάτις,
1129 2656 1255 2694 ξένοι
1276 2657 1360 2690 ποτὲ

497 2714 664 2757 λῃσταὶ
702 2713 932 2756 φονεύουσ’
966 2713 1004 2746 ὲν
1027 2713 1192 2755 τριπλαῗς
1213 2710 1406 2755 ductante.

382 2767 455 2802 756.
501 2766 652 2806 οἰκεύς
675 2778 749 2810 τις,
772 2765 880 2809 ὅσπερ
900 2764 982 2798 ἵκετ’
1005 2765 1221 2803 lucu-9³29
1242 2763 1391 2807 μόνος.
