1814 3190
888 291 914 332 5

255 440 528 483 fortitudinem.
600 440 648 482 Et
703 443 862 498 primum
921 442 1074 496 quidem
1128 439 1260 494 optimi
1307 438 1407 491 regis
1445 435 1559 476 refert

257 520 459 574 imaginem
503 520 540 560 in
569 533 611 560 ea
638 521 841 562 calamitate
871 521 1045 567 levanda,
1076 521 1178 561 unde
1206 520 1353 560 initium
1384 518 1425 557 fit
1453 517 1562 556 huius

252 599 483 653 tragoediae.
541 599 686 653 Ingenti
715 600 924 655 pestilentia
952 601 1079 641 civitas
1108 600 1238 640 afflicta
1268 607 1350 645 est.
1400 602 1559 651 pereunt

250 680 378 734 fruges
408 685 553 728 terrae,
582 687 743 734 pereunt
770 675 927 734 greges,
960 686 1121 734 pereunt
1150 683 1275 733 partus
1304 676 1489 717 immaturi
1520 675 1556 715 in

255 759 338 812 ipso
367 759 452 798 sinu
483 757 680 798 mulierum
693 759 771 810 (1),
800 765 839 799 et
864 758 1003 799 invicto
1022 757 1181 799 celerius
1200 757 1276 811 igni
1295 756 1339 798 ad
1361 756 1560 797 Acheron-

252 844 329 878 tem
359 850 493 878 omnes
523 836 714 892 rapiuntur
731 836 801 891 (2).

303 916 441 957 Tantae
477 916 592 957 cladis
621 916 848 958 avertendae
877 917 995 970 gratia
1023 918 1125 958 cives
1153 918 1340 973 supplices
1367 917 1414 957 ad
1444 917 1558 957 aedes

248 996 369 1050 regias
416 996 633 1050 congregati
678 1003 779 1038 sunt.
847 996 975 1039 Prodit
1025 996 1189 1053 Oedipus
1228 1011 1305 1038 non
1350 999 1450 1050 regis
1489 997 1557 1037 sed

252 1076 364 1132 patris
402 1077 564 1131 speciem
594 1091 680 1132 prae
717 1091 758 1119 se
797 1078 922 1119 ferens
938 1078 1009 1131 (5).
1066 1077 1297 1120 Dulcissimis
1339 1078 1467 1125 verbis,
1489 1091 1557 1118 eos

249 1158 468 1213 compellat,
498 1171 591 1212 quos
621 1157 691 1198 sibi
721 1157 927 1198 carissimos
957 1157 1080 1198 habet.
1128 1158 1206 1198 Etsi
1235 1170 1313 1197 non
1331 1163 1389 1198 est
1408 1157 1559 1211 ignarus

250 1238 457 1286 malorum,
497 1238 630 1292 quibus
669 1238 839 1292 oppressi
880 1244 986 1285 sunt,
1026 1237 1381 1292 supplicationisque
1411 1250 1559 1277 causam

249 1318 422 1372 suspicari
460 1322 604 1372 potest,
645 1323 768 1357 tamen
806 1331 882 1357 non
913 1331 978 1369 per
1007 1318 1159 1359 nuntios
1186 1316 1250 1358 sed
1278 1330 1402 1358 coram
1432 1316 1558 1358 audire

250 1399 374 1452 cupit,
423 1411 490 1437 cur
534 1397 579 1436 ad
608 1410 649 1436 se
680 1403 753 1436 tam
783 1397 1003 1438 festinanter
1031 1400 1285 1445 accesserint,
1327 1410 1426 1436 novo
1457 1403 1560 1436 metu

206 1475 213 1478 ’
250 1478 429 1532 perculsi,
478 1491 525 1517 an
574 1490 750 1531 praesens
797 1478 934 1518 malum
980 1491 1101 1532 aequo
1147 1479 1272 1519 animo
1303 1477 1557 1531 ferentesvl).

250 1557 329 1598 Hoc
384 1558 485 1598 enim
543 1557 640 1597 scire
694 1557 797 1610 cupit
819 1589 828 1606 ,
898 1558 1035 1612 quippe
1079 1559 1143 1613 qui
1189 1572 1382 1613 nunquam
1429 1559 1560 1599 amicis

251 1638 424 1680 defuerit.
492 1637 738 1692 Supplicantis
785 1637 915 1678 turbae
962 1637 1117 1679 nomine
1164 1638 1272 1678 verba
1312 1638 1399 1679 facit
1439 1651 1559 1678 vene-

251 1719 390 1759 randus
430 1717 624 1765 sacerdos,
666 1717 903 1772 graviterque
941 1718 1034 1758 mala
1077 1718 1266 1772 deplorat,
1307 1719 1438 1773 quibus
1468 1718 1557 1758 urbs

247 1799 324 1853 jam
370 1798 465 1840 adeo
512 1805 726 1853 quassatur,
772 1804 815 1839 ut
854 1811 1051 1851 emergere
1090 1797 1150 1839 vix
1178 1798 1304 1853 possit.
1362 1798 1442 1839 Jam
1472 1813 1557 1839 me-

253 1890 375 1918 mores
419 1878 576 1927 salutis,
644 1892 756 1933 quam
800 1878 936 1918 civitati
984 1886 1096 1918 antea
1142 1878 1179 1917 in
1227 1879 1334 1919 malis
1378 1858 1557 1919 diffinitus

252 1958 424 1999 immissis
470 1958 603 1998 tulerat
642 1958 806 2012 Oedipus
823 1958 900 2011 (5),
934 1958 980 1998 ad
1028 1971 1114 1998 eum
1162 1959 1364 2013 respiciunt
1393 1972 1558 2012 eumque

251 2045 448 2094 precantur
477 2039 683 2095 supplices,
713 2045 756 2082 ut
787 2039 845 2081 dis
868 2038 1087 2095 juvantibus
1117 2045 1240 2081 tantae
1269 2039 1365 2081 cladi
1399 2048 1554 2095 quaerat

253 2119 493 2160 medicinam.

295 2302 345 2346 (1)
392 2303 530 2336 25—28.

296 2357 345 2401 (2)
394 2358 468 2392 176.

293 2414 345 2457 (3)
389 2413 442 2446 Vs.
471 2416 499 2447 1.
522 2413 548 2445 ὦ
573 2412 694 2454 remi,
721 2413 845 2446 confer.
868 2423 1125 2455 scnnnmnwn,
1150 2423 1310 2447 wunmm.
1354 2425 1391 2448 κ.
1415 2425 1558 2448 mcum:

247 2481 314 2512 par
346 2481 377 2504 σο
402 2471 545 2511 premier
572 2474 636 2502 mot
668 2469 816 2510 Sophocle
839 2468 914 2511 fait
940 2468 1100 2502 connaitre
1132 2480 1192 2504 une
1208 2472 1319 2511 partie
1339 2472 1383 2503 du
1404 2472 1561 2503 caractere

251 2524 411 2566 d'Oedipo.

297 2580 348 2623 (4)
392 2581 574 2619 Δείσαντες
604 2580 626 2620 ἦ
649 2579 871 2623 στέρξαντες,
892 2581 977 2614 conf.
1002 2590 1176 2616 numum<
1198 2587 1231 2615 et
1254 2591 1508 2616 scnnmnnwm.

300 2636 350 2678 (5)
396 2638 438 2670 34
465 2636 503 2669 ἔν
536 2647 570 2669 τε
604 2634 778 2678 δαιμόνων
813 2636 1051 2680 ξυναλλαγαῖς
1072 2654 1115 2661 -
1135 2647 1156 2670 a
1177 2638 1240 2671 diis
1274 2643 1404 2679 praeter
1426 2638 1559 2671 solitum

254 2692 425 2734 immissa,
464 2701 637 2734 annun-r,
674 2692 713 2724 L.
746 2691 780 2725 S.
792 2701 809 2731 ;
843 2702 940 2735 quem
963 2693 1109 2735 sequitur
1130 2701 1395 2732 scnnnrnzwm3
1433 2692 1474 2725 de
1497 2692 1561 2725 diis

255 2747 423 2790 placandis
457 2747 707 2789 intelligendum
733 2755 808 2780 esse
829 2747 1046 2789 contendunt,
1080 2756 1267 2789 nummo,
1300 2756 1425 2780 nmen.
1469 2748 1560 2781 Conf.

257 2808 364 2836 tamen
384 2813 418 2836 ν.
446 2804 519 2836 960.
