1814 3190
889 299 916 341 9

312 446 549 487 Admiramur
567 446 836 508 simplicitatem
848 476 858 491 ‚
889 445 1100 492 veritatem,
1119 446 1305 498 animique
1323 445 1524 484 candorem
1541 475 1550 491 ‚

253 538 349 582 quae
377 523 656 580 conspiciuntur
683 524 720 566 in
749 524 807 566 illa
837 524 1064 574 narratione,
1084 538 1155 581 qua
1175 523 1338 579 reginam
1357 523 1554 565 certiorem

253 605 361 651 facit,
399 617 440 644 se
480 617 555 643 non
572 618 575 621 ·
595 606 676 643 sine
706 617 814 644 causa
843 610 943 644 metu
974 604 1127 658 agitari,
1166 617 1214 644 ne
1244 604 1282 643 in
1310 617 1418 644 suum
1445 609 1555 658 caput

253 685 509 740 gravissimam
540 684 776 727 devocaverit
806 684 1003 739 perniciem
1021 684 1099 736 (1),
1134 684 1200 726 sed
1219 698 1363 726 summa
1382 685 1558 739 percelli-

187 770 188 773 ’
254 778 339 805 mur
367 765 606 804 miseratione
635 763 832 806 audientes
846 796 856 813 ,
876 777 942 805 cur
962 771 1158 820 tantopere
1178 776 1320 819 poenas
1340 765 1416 806 illas
1431 764 1557 806 timeat

252 845 320 886 sibi
347 845 414 900 ipsi
443 846 643 900 impositas.
702 846 786 886 Non
816 846 938 886 solum
955 847 1066 896 urbe,
1098 847 1263 896 civibus,
1281 848 1408 888 amicis
1426 859 1552 887 carere

253 925 425 974 debebit,
454 925 520 966 sed
551 939 599 966 ne
627 925 700 966 hoc
726 926 877 981 quidem
908 927 942 968 ei
962 927 1111 976 licebit,
1132 933 1174 969 ut
1192 927 1321 967 redeat
1340 926 1377 966 in
1397 926 1554 981 patriam

253 1012 499 1062 parentesque
526 1006 738 1048 carissimos
767 1007 954 1063 adspiciat.
983 1008 1091 1056 Quod
1120 1008 1200 1064 ipse
1229 1014 1407 1063 reputans
1423 1007 1552 1049 dolore

252 1087 449 1128 consectus
477 1086 684 1127 exclamat:

982 1182 1037 1224 ἆρ’
1058 1182 1141 1225 ἔφυν
1163 1183 1285 1225 tandm

465 1249 520 1292 ἆρ’
542 1250 619 1292 οὐχί
644 1251 714 1289 πᾶς
736 1248 907 1294 ἅναγνος;
931 1251 959 1283 εἷ
980 1262 1019 1292 με
1043 1251 1111 1293 χρὴ
1132 1253 1273 1294 φυγεῖν,

465 1319 523 1350 καί
543 1330 600 1361 μοι
623 1318 765 1361 φυγόντι
786 1318 890 1360 μῆστι
913 1320 992 1356 τούς
1013 1319 1113 1360 ἐμοὺς
1134 1318 1217 1351 ἰδεῖν

464 1387 543 1431 μήτ’
567 1387 767 1430 ἐμβατεύειν
789 1386 975 1430 πατρίδος,
999 1388 1020 1428 ἦ
1045 1387 1166 1431 γάμοις
1186 1400 1226 1431 με
1250 1387 1299 1421 δεῖ

463 1458 596 1499 μητρὸς
618 1457 767 1500 ζυγῆναι
788 1458 845 1490 καὶ
866 1457 999 1499 πατέρα
1022 1460 1256 1490 κατακτανεῖν

467 1524 651 1566 Πόλυβον,
674 1526 713 1563 ὃς
735 1525 865 1569 ἐξέφυσεῚ
887 1524 1069 1568 κάξέθρεψέ
1090 1537 1140 1567 με.

464 1591 516 1632 ἆρ’
539 1591 599 1623 οὐκ
620 1591 680 1625 ἀπ’
704 1593 793 1634 ὠμοῦ
815 1594 925 1624 ταῦτα
947 1591 1108 1634 δαίμονός
1133 1604 1186 1630 τις
1208 1593 1254 1624 ἂν

467 1661 594 1702 κρίνων
616 1659 669 1692 ἐπ’
691 1658 792 1702 α’νδρί
813 1659 890 1702 τῷδ’
912 1658 958 1692 ἄν
977 1660 1097 1702 ὀρθοίη
1112 1660 1239 1703 λόγον,
1263 1660 1509 1701 823—829(2).

302 1740 481 1781 Pietatem
521 1742 619 1793 regis
657 1739 893 1792 agnoscimus
913 1739 980 1792 (3).
1038 1739 1182 1781 Civium
1221 1751 1350 1779 amore
1380 1739 1554 1780 incensus

252 1820 462 1875 piaculum,
493 1835 568 1875 quo
596 1819 724 1860 civitas
754 1831 931 1872 oppressa
947 1825 1024 1868 est,
1053 1819 1307 1871 investigavit,
1342 1819 1430 1858 baec
1448 1820 1556 1859 inve—

248 1901 402 1954 stigatio
433 1914 508 1942 non
524 1900 799 1949 intermittitur,
820 1899 890 1941 etsi
909 1900 1026 1954 magis
1046 1899 1238 1954 magisque
1257 1899 1290 1939 ei
1309 1899 1555 1954 persuadetur

246 1994 288 2022 se
327 1993 409 2021 esse
447 1980 684 2034 parricidam,
727 1994 838 2035 quem
878 1986 1053 2035 quaerat;
1095 1980 1172 2034 jam
1212 1981 1394 2034 praesagit
1434 1980 1548 2031 mala,

244 2075 337 2115 quae
366 2060 438 2100 sibi
467 2061 706 2113 impendent,
737 2074 860 2115 neque
889 2061 961 2100 ulla
979 2074 1020 2100 re
1040 2066 1115 2100 tam
1133 2062 1279 2114 angitur
1299 2074 1408 2114 quam
1430 2066 1553 2110 metu,

246 2156 294 2183 ne
322 2141 472 2197 quando
501 2146 620 2181 ratum
651 2139 712 2181 fiat
742 2139 921 2194 Apollinis
949 2139 1150 2180 oraculum.

299 2222 430 2276 Neque
459 2221 518 2261 hic
547 2229 670 2261 metus
698 2221 853 2261 omnino
882 2212 1043 2269 tollitur,
1072 2219 1135 2260 ubi
1166 2233 1232 2273 pro
1261 2232 1372 2260 servo
1391 2232 1549 2274 exspec-

291 2357 341 2400 (1)
386 2357 569 2392 7⁷1-833.

286 2413 339 2458 (2)
382 2415 420 2449 V.
445 2414 521 2454 827.
565 2414 750 2457 Πόλυβον,
774 2414 812 2454 ὅς
833 2413 964 2458 ἐξέφυσε
986 2411 1170 2458 tetigi-&pubi
1186 2426 1235 2457 με.
1260 2414 1351 2449 Hunc
1366 2426 1516 2457 versum,
1533 2427 1552 2450 a

240 2472 405 2505 Wundero
428 2478 461 2505 et
484 2472 651 2505 Dindorfio
673 2471 833 2513 ejectum,
866 2471 1061 2504 servandum
1085 2481 1160 2504 esse
1179 2471 1251 2512 jure
1273 2478 1387 2506 censet
1410 2473 1546 2506 Schnei-

238 2528 367 2572 dewin,
389 2528 445 2570 qui
467 2528 553 2560 conf.
577 2528 618 2560 ad
638 2529 672 2561 h.
696 2528 716 2561 Ι.
760 2528 868 2562 Verba
890 2527 912 2568 ἣ
935 2527 1057 2571 γάμοις
1076 2540 1117 2570 με
1140 2527 1189 2561 δεῖ
1211 2529 1264 2561 vix
1287 2539 1363 2561 sana
1389 2534 1473 2562 sunt.

286 2584 337 2626 (3)
381 2585 447 2616 Hac
477 2585 598 2626 pietate
620 2584 736 2616 ductus
759 2585 895 2626 patriam
920 2583 1034 2626 effugit
1056 2590 1089 2616 et
1113 2590 1263 2626 parentes
1285 2585 1417 2627 reliquit
1443 2584 1550 2619 794—-

241 2642 304 2683 98,
327 2641 511 2683 eademque
533 2641 680 2673 cernitur
704 2640 744 2672 iis
765 2650 848 2683 quae
872 2641 1048 2683 respondet
1069 2641 1181 2674 nuntio
1204 2643 1288 2681 969,
1312 2640 1377 2674 970

885 2696 912 2729 εἷ
935 2708 968 2728 τι
986 2697 1036 2739 μὴ
1059 2697 1160 2739 τώμῷ
1181 2696 1280 2739 πόθῳ

703 2752 877 2795 ιατέφθιθ·
899 2751 987 2784 οὕτω
1010 2751 1038 2783 δ’
1061 2750 1108 2784 ἅν
1128 2751 1249 2784 θανὼν
1270 2751 1351 2791 cin}
1372 2752 1463 2795 ἐμοῦ.

430 2806 521 2839 Conf.
543 2816 602 2839 111.
621 2816 735 2848 xoex,
759 2806 907 2847 Sophokl.
931 2806 1079 2847 δικαίη,
1104 2817 1134 2849 p.
1158 2808 1196 2839 41
1221 2817 1262 2839 en
1287 2809 1340 2841 42.
