1814 3190
880 287 931 330 61

252 445 436 474 concursu
475 433 512 472 in
551 431 753 487 perniciem
793 431 953 482 deduci,
1004 433 1187 474 tolluntur
1216 446 1258 475 ea
1275 465 1284 482 ,
1328 447 1425 488 quae
1453 435 1555 489 quasi

253 511 495 553 fundamenta
534 512 747 564 tragoediae
784 519 901 561 sunt,
944 514 976 553 si
1015 516 1070 554 vir
1098 513 1197 553 nulla
1228 513 1372 554 macula
1400 514 1557 556 affectus

252 591 389 633 inscius
417 599 454 633 et
484 592 618 632 invitus
648 571 698 632 in·
716 592 929 646 gravissima
961 592 1052 633 mala
1082 592 1308 634 detruditur.
1359 593 1406 634 Et
1426 600 1554 635 tamen

254 672 364 713 talem
394 671 578 727 Oedipum
607 674 846 726 proposuisse
874 676 1023 727 poetam
1051 673 1234 714 affirmant
1262 674 1330 727 (1).

307 752 456 793 Scilicet
493 752 677 807 Oedipum
715 755 846 808 ajunt,
890 756 1104 809 priusquam
1135 760 1243 795 natus
1269 761 1368 796 esset
1396 755 1551 796 deorum

251 832 328 872 irae
356 838 537 873 sacratum
570 832 673 873 luere
690 833 833 887 culpam
854 840 1070 887 parentum,
1100 847 1187 874 eum
1206 834 1345 888 optima
1366 834 1552 874 voluntate

251 912 449 966 impulsum
489 912 645 954 inscium
688 919 727 953 et
769 913 926 953 invitum
954 913 1118 954 incidere
1148 913 1185 952 in
1215 912 1310 952 mala
1335 914 1412 966 jam
1441 919 1550 953 antea

250 991 427 1033 divinitus
454 993 657 1034 constituta
674 1025 684 1042 ‚
717 993 913 1048 virumque
942 1006 1026 1033 esse
1054 993 1100 1033 ita
1131 992 1287 1048 probum
1317 999 1356 1033 et
1379 994 1544 1047 justum,

250 1078 287 1111 ut
329 1071 466 1112 nullius
502 1053 630 1126 culpae
669 1072 843 1113 conscius
878 1073 963 1126 jure
1002 1073 1197 1113 invehatur
1229 1073 1266 1112 in
1298 1086 1452 1120 omnes.
1478 1074 1549 1127 *qui

249 1153 362 1208 ipsius
403 1153 653 1194 innocentiam
691 1153 909 1194 addubitare
951 1151 1201 1206 audeantffl).
1261 1152 1362 1200 Quae
1402 1153 1471 1194 etsi
1501 1166 1549 1194 ex

248 1238 352 1285 parte
391 1244 476 1272 vera
519 1237 631 1280 sunt,
673 1238 799 1272 tamen
829 1244 877 1273 ex
907 1232 973 1281 iis,
1015 1245 1110 1286 quae
1140 1232 1429 1286 disputavimus,
1459 1232 1550 1273 satis

247 1317 373 1366 patere
402 1312 549 1352 videtur
576 1313 805 1365 argumentis
844 1323 892 1351 ex
931 1312 1008 1366 ipsa
1049 1312 1167 1352 fabula
1207 1313 1330 1366 petitis
1369 1312 1459 1352 haec
1500 1313 1550 1352 ita

247 1392 390 1445 probari
430 1391 527 1433 baud
567 1405 697 1446 posse,
738 1399 779 1432 ut
818 1392 949 1432 insons
986 1390 1152 1445 Oedipus
1195 1398 1382 1446 appareat.
1449 1391 1547 1439 Quin

246 1473 356 1512 etiam
401 1477 547 1513 tantum
603 1473 729 1521 abest,
795 1478 836 1512 ut
883 1476 993 1526 poe‘ta
1039 1472 1158 1521 mala,
1205 1472 1339 1526 quibus
1383 1470 1548 1525 Oedipus

245 1551 472 1606 implicetur,
520 1552 737 1606 parentibus
776 1551 937 1599 tribuat.
981 1558 1023 1592 ut
1064 1552 1124 1592 vel
1152 1552 1200 1592 de
1229 1552 1383 1592 crimine
1411 1565 1431 1591 a
1460 1552 1547 1592 Laio

284 1760 335 1806 (1)
379 1762 448 1796 Non
471 1763 551 1795 satis
575 1763 685 1796 mirari
704 1772 876 1806 possumus
890 1772 1201 1798 scaunmnwmwn
1214 1789 1223 1806 ‚
1245 1774 1343 1808 quem
1360 1774 1459 1798 unum
1475 1775 1545 1798 om-

241 1819 329 1850 nium
363 1818 489 1851 fabulas
516 1819 716 1860 Sophocleas
750 1820 873 1860 optime
897 1820 1106 1861 perspexisse
1130 1820 1296 1862 fatemur,
1322 1819 1446 1862 Oedipo
1469 1822 1540 1861 regi

242 1882 281 1905 ea
304 1873 479 1913 tribuisse,
502 1883 588 1916 quae
610 1874 681 1917 ipse
703 1874 891 1918 Sophoclea
912 1880 983 1907 arte
1007 1873 1141 1916 indigna
1158 1874 1328 1915 judicavit.
1350 1874 1454 1916 Quam
1470 1885 1543 1908 sen-

244 1931 392 1971 tentiam,
415 1931 541 1963 etiamsi
567 1931 727 1972 singulari
753 1931 870 1964 libello
893 1931 961 1971 (dio
982 1930 1063 1972 Saye
1087 1941 1156 1963 vom
1181 1931 1332 1972 oedipus)
1348 1932 1542 1964 confirmare

241 1993 378 2019 conatus
411 1991 483 2027 est,
519 1995 579 2018 non
613 1990 720 2017 tamen
752 1985 944 2018 adducimur
978 1990 1012 2017 ut
1035 1985 1065 2017 ei
1087 1986 1324 2027 assentiamur,
1347 1992 1543 2028 argumenta

243 2041 420 2083 praecipua
441 2051 481 2073 ex
504 2041 566 2082 iis,
588 2050 672 2083 quae
693 2046 768 2073 ante
792 2040 892 2083 Sopb.
915 2041 946 2073 in
969 2041 1088 2073 fabulis
1111 2047 1221 2073 essent
1243 2042 1382 2083 tradita,
1406 2043 1540 2084 petenti.

243 2097 370 2130 Etenim
403 2097 540 2129 servatis
562 2096 622 2137 iis,
660 2105 744 2137 quae
767 2097 883 2129 mutari
905 2097 1016 2139 μῦθος
1038 2096 1123 2128 baud
1154 2096 1303 2138 sinebat,
1326 2106 1405 2130 suae
1434 2103 1541 2130 tamen

244 2154 305 2185 arti
340 2155 436 2195 poeta
468 2153 499 2185 in
522 2162 562 2185 eo
585 2153 741 2194 servivit,
774 2152 943 2195 multaque
966 2152 1074 2193 finxit,
1097 2162 1180 2195 quae
1203 2152 1446 2195 tragoediarum
1471 2160 1541 2186 tan-

243 2217 308 2241 tum
333 2209 458 2241 ratione
481 2208 737 2251 postulabantur.
761 2209 835 2249 Sic,
859 2214 893 2241 ut
917 2218 979 2242 uno
1000 2208 1214 2251 defungamur
1237 2209 1408 2251 exemplo,
1427 2209 1538 2250 Ajacis

242 2263 382 2305 ἀσέβεια
403 2273 424 2297 a
445 2265 552 2307 poetis
571 2265 808 2308 antiquioribus
830 2274 893 2297 non
916 2264 1057 2298 traditur
1071 2287 1081 2305 ,
1104 2269 1138 2297 et
1160 2270 1269 2298 tamen
1293 2269 1343 2297 est
1364 2265 1482 2307 cardo,
1507 2267 1538 2299 in

243 2331 309 2364 quo
333 2326 399 2353 tota
420 2321 528 2353 fabula
551 2322 702 2353 vertitur.

284 2375 335 2418 (2)
379 2375 427 2408 Ita
454 2384 711 2416 sonnmnwm‚
745 2376 834 2408 Einl.
866 2385 892 2408 z.
927 2375 998 2408 Oea.
1022 2380 1109 2415 tyra,
1140 2385 1217 2417 pag.
1242 2376 1301 2410 17:
1338 2376 1427 2408 Aber-
1447 2376 1541 2408 sehon

239 2441 297 2464 vor
324 2432 426 2465 seim
446 2431 630 2474 Emuqunq
652 2434 694 2464 iot
715 2441 750 2464 er
770 2442 839 2464 zum
860 2430 1158 2464 wider-natitatem
1187 2432 1354 2472 Werkzeuq
1376 2432 1433 2464 der
1456 2432 1540 2474 qim-

238 2487 340 2519 ecclam
376 2487 486 2529 Strafi
521 2497 563 2519 an
598 2489 712 2519 ninom
752 2487 848 2519 Vater
880 2487 948 2520 und
966 2488 1072 2519 seim
1094 2487 1219 2519 Mutat·
1240 2488 1425 2519 ausorum
1439 2496 1452 2518 .·
1487 2488 1542 2519 ilar

247 2542 403 2584 Ver-qaum
432 2543 492 2574 roll
522 2542 663 2575 daduroh
691 2543 742 2574 die
773 2542 910 2574 harto-vite
942 2542 1042 2574 Bam
1062 2541 1173 2574 teiam.
1220 2540 1314 2574 conf.
1339 2552 1370 2584 p.
1397 2543 1456 2583 16,
1484 2542 1521 2572 19
1535 2565 1544 2582 ,

241 2599 293 2629 20.
337 2596 428 2631 conf.
460 2597 512 2629 dio
548 2597 628 2639 Saye
661 2607 729 2629 vom
763 2597 898 2636 Oedipm
928 2597 1098 2639 inprimis,
1133 2606 1207 2639 pag.
1231 2599 1294 2630 33:
1338 2598 1429 2629 Scine
1447 2607 1544 2637 qanze

240 2653 349 2686 Kumt
380 2653 423 2685 ist
455 2652 582 2694 darauf
604 2653 776 2695 μανὰ-Μαι,
807 2652 866 2684 den
894 2652 977 2685 Simu
1006 2653 1059 2684 dor
1084 2654 1212 2685 uralten
1235 2653 1383 2694 Mythos,
1412 2654 1541 2685 monach

244 2711 379 2751 Oedipm
411 2708 531 2741 delicta
565 2708 725 2751 majorum
760 2710 943 2743 immeritus
965 2709 1043 2751 luit,
1078 2709 1231 2742 bestimmt
1254 2709 1322 2740 und
1339 2707 1458 2750 σώαν]
1472 2708 1542 2740 her-

240 2764 462 2799 amukohrm.
