1814 3190
887 303 941 345 ¹5

251 451 397 492 levitate
437 449 587 504 abrepta
614 455 654 490 et
683 449 872 504 impietate
900 449 1110 498 exsultans,
1141 450 1179 490 in
1209 450 1311 490 diem
1341 449 1452 496 vivit.
1502 449 1562 490 cui

252 532 334 582 εἷκῆ
393 534 590 580 κράτιστον
649 533 699 581 ζῆ
705 547 726 568 ν
766 531 864 569 ὅπως·
904 530 1054 568 δύναιτό
1092 547 1143 568 τις
1188 528 1309 582 (979).
1381 529 1435 569 Ex
1483 542 1561 583 quo

254 609 452 666 aliquando
500 609 638 651 oraculi
687 615 792 651 metu
841 610 976 664 agitata
1015 609 1131 650 filium
1179 608 1365 664 prodidit,
1404 616 1444 649 ut
1486 609 1561 663 ipsa

254 691 397 731 viveret
423 690 521 731 curis
548 690 690 740 soluta,
720 689 791 731 hoc
821 703 938 731 unum
967 691 1068 742 egit,
1098 698 1138 731 ut
1166 697 1253 731 ante
1280 697 1448 730 actorum
1467 702 1564 729 con-

255 770 407 811 scientia
436 770 670 812 liberaretur.
728 769 891 811 Puerum
920 771 1074 825 periisse
1102 770 1315 819 affirmavit,
1345 776 1387 810 ut
1416 769 1562 823 Oedipo

256 849 526 904 persuaderet,
570 850 710 891 nullam
754 850 903 891 oraculo
932 850 1047 891 fidem
1076 863 1161 891 esse
1189 849 1451 898 tribuendam;
1482 850 1559 904 ipsa

255 943 347 971 vero
386 930 458 971 hoc
499 930 686 971 nesciebat
731 932 904 985 servique
932 930 1150 971 testimonio
1179 930 1415 984 acquiescere
1445 943 1557 983 quam

255 1009 461 1064 quidquam
501 1010 656 1052 ulterius
696 1011 891 1065 exquirere
935 1009 1106 1051 malebat.
1165 1009 1292 1063 ltaque
1321 1009 1411 1049 Laio
1439 1009 1561 1050 inter-

255 1089 354 1131 fecto
382 1103 459 1131 non
488 1104 617 1132 secum
648 1096 821 1146 reputat,
862 1103 958 1145 quae
987 1090 1186 1145 aliquando
1215 1089 1307 1129 deus
1339 1089 1560 1129 vaticinatus

256 1176 340 1217 est.
386 1170 451 1211 sed
479 1171 591 1225 ipsius
618 1171 746 1212 caedis
775 1169 1018 1211 vindicandae
1047 1169 1326 1224 expiandaeque
1355 1169 1466 1210 oblita
1496 1151 1560 1210 dat

257 1262 298 1291 se
334 1251 487 1305 juveni,
526 1251 635 1297 cuius.
669 1251 771 1292 vultu
799 1259 837 1291 et
867 1251 983 1305 figura
1011 1250 1216 1291 identidem
1245 1252 1345 1303 regis
1373 1249 1559 1291 interfecti

254 1330 490 1372 admonetur.
546 1330 746 1385 Nunquam
785 1330 833 1370 de
871 1330 929 1370 illa
973 1329 1089 1370 caede
1127 1343 1212 1370 cum
1253 1328 1396 1382 Oedipo
1436 1329 1559 1369 locuta

255 1415 312 1450 est
339 1408 410 1464 (1).
476 1409 666 1451 Altissimo
708 1409 831 1451 obruit
867 1409 1017 1451 silentio
1056 1410 1202 1459 omnia,
1241 1408 1374 1464 quibus
1402 1409 1560 1450 revivis-

255 1502 341 1530 cere
386 1496 510 1543 potest
555 1491 691 1531 oraculi
730 1491 925 1532 memoria.
993 1489 1125 1544 Neque
1164 1490 1265 1530 enim
1315 1490 1424 1543 plane
1467 1489 1560 1529 haec

255 1570 438 1612 exstincta
467 1576 546 1613 erat
576 1577 613 1613 et
637 1572 714 1626 jam
744 1570 935 1613 horrendo
964 1571 1080 1612 modo
1109 1571 1155 1611 ab
1184 1571 1267 1626 ipso
1288 1570 1433 1625 Oedipo
1452 1571 1560 1612 exci-

255 1655 364 1691 tatur.
432 1650 546 1691 Cuius
588 1658 754 1692 mentem
795 1651 978 1692 turbatam
1007 1653 1079 1692 etsi
1108 1651 1242 1692 sedare
1268 1657 1447 1700 conatur,
1480 1651 1557 1706 ipsa

255 1736 378 1771 tamen
423 1731 470 1771 ita
512 1732 661 1785 angitur
689 1740 730 1772 ut
759 1745 800 1772 se
828 1739 1024 1772 convertat
1051 1732 1098 1772 ad
1127 1732 1264 1780 deum,
1300 1745 1414 1785 quem
1445 1732 1558 1771 modo

256 1810 463 1851 contemtui
503 1809 632 1852 habuit
661 1809 730 1864 (2).
798 1811 883 1852 Mox
927 1824 1017 1853 vero
1056 1812 1235 1866 abripitur
1275 1812 1406 1852 nuntio
1434 1812 1558 1852 audito

297 1998 349 2040 (1)
394 1998 461 2031 Hoc
494 2009 533 2032 ex
565 2000 705 2042 prologo
735 2001 814 2033 satis
845 2008 991 2044 apparet.
1053 2002 1155 2035 Recte
1185 2011 1368 2044 umam,
1407 2013 1441 2045 p.
1483 2004 1557 2036 110.

254 2053 367 2087 Durat»
397 2055 454 2087 das
481 2055 713 2097 Zwieqsssprdeh
733 2057 883 2090 zwiechen
907 2058 1043 2098 Oediptce
1064 2059 1133 2090 und
1152 2059 1262 2091 Kreon
1283 2059 1370 2091 wird
1388 2058 1456 2100 ans
1470 2060 1556 2091 indi-

254 2113 337 2141 recte
365 2110 462 2143 Weise
482 2111 561 2143 auch
582 2113 675 2145 echon
697 2112 816 2144 Iocaste
837 2113 1091 2146 oharakterisirt.

296 2164 349 2208 (2)
391 2167 574 2200 911—923.
626 2167 742 2208 Iniuria
775 2178 1004 2210 mmmm-rx,
1042 2169 1322 2210 Aanteekmcnqen
1353 2180 1392 2210 op
1417 2170 1555 2210 Oedipus

253 2227 338 2263 cet.‚
376 2232 405 2264 p.
439 2224 511 2256 145.
565 2223 711 2257 Iocasten
742 2230 878 2266 propter
911 2235 1027 2266 preces
1058 2226 1134 2258 illas
1168 2226 1346 2268 impietatis
1379 2226 1556 2259 absolvere

254 2276 382 2310 studet:
427 2278 548 2310 Iocaste
579 2281 782 2319 weerspreekt
802 2291 932 2320 ner-qens
951 2281 1009 2312 den
1033 2281 1234 2315 oodediomt.
1248 2307 1255 2314 .
1268 2307 1295 2314 ..
1324 2282 1403 2314 hare
1418 2283 1556 2323 pleqtiqe

253 2332 416 2364 bedeoaart
447 2334 482 2364 in
503 2335 562 2366 den
583 2339 746 2367 ommim
767 2338 853 2367 stant
872 2345 935 2367 van
955 2336 1038 2368 haar
1057 2338 1181 2378 qemaal
1200 2337 1229 2367 io
1249 2347 1284 2369 er
1305 2338 1372 2369 niet
1392 2338 1452 2369 wel
1472 2338 1557 2370 mede

252 2395 377 2419 overoen
397 2391 426 2420 te
447 2389 599 2430 brenam.
623 2399 694 2431 seq.
717 2400 747 2432 p.
772 2393 845 2424 382.
890 2391 981 2424 cons.
1003 2401 1210 2434 scnwmwx,
1227 2403 1256 2435 p.
1277 2395 1336 2426 114
1351 2399 1384 2425 et
1400 2403 1555 2426 nnuuor.

252 2441 325 2473 Eue
355 2452 395 2473 va
425 2445 581 2475 consulter
601 2446 644 2476 leo
665 2446 780 2477 dcem:
816 2447 971 2478 caractere
991 2448 1171 2480 admirable.
1216 2449 1288 2481 Elle
1308 2453 1354 2480 est
1373 2449 1556 2490 eeprit-fort

251 2497 332 2528 dam
351 2498 380 2528 le
396 2500 537 2537 premier
556 2503 640 2540 acte,
663 2504 694 2532 et
713 2502 876 2542 reliqieuse
897 2511 935 2533 en
955 2504 1082 2536 celui-cs·
1092 2513 1104 2534 .·
1127 2503 1199 2536 c'est
1220 2515 1279 2545 que
1300 2507 1343 2537 les
1364 2508 1555 2540 circonstan-

252 2561 299 2583 οη
329 2556 383 2584 ont
409 2555 544 2593 produit
573 2555 642 2587 l'un
668 2559 698 2587 et
728 2556 845 2588 Pauo-e
874 2558 953 2599 effiaet.
1006 2558 1098 2590 Voild
1131 2559 1160 2589 le
1187 2569 1276 2591 meur
1298 2560 1442 2595 humacn.
1486 2562 1559 2594 Ello

251 2611 428 2647 roncontre,
462 2617 499 2638 en
521 2609 625 2640 allant
645 2619 688 2641 au
710 2612 835 2650 temple,
859 2622 903 2642 un
924 2612 1032 2652 berqer
1051 2614 1089 2643 de
1112 2614 1278 2654 ooo-inem,
1301 2618 1360 2655 qui
1379 2618 1411 2647 la
1432 2627 1559 2649 muare

251 2672 308 2695 mr
328 2663 357 2694 le
377 2665 443 2694 sort
463 2663 495 2694 d’
521 2663 644 2703 Oedim.
677 2664 784 2698 Adieu
805 2675 841 2696 sa
856 2667 956 2706 pie'te'.
1000 2667 1091 2701 Conf.
1106 2678 1201 2702 mun.
1215 2678 1405 2713 nnouwnss,
1421 2671 1555 2716 Procne,

252 2727 326 2762 pag.
352 2720 403 2751 56.
