1814 3190
877 253 932 296 25

261 411 504 459 provocatum
543 400 803 450 contendunt,
832 405 875 441 ut
908 401 947 441 in
984 399 1105 454 ipsum
1141 403 1263 439 vatem
1291 398 1414 439 omnis
1442 397 1561 438 vehe-

259 483 444 531 mentiae,
486 495 558 538 qua
587 480 750 536 Oedipus
778 481 982 536 abripitur,
1023 479 1131 535 culpa
1160 479 1207 520 sit
1234 478 1462 520 conferenda
1490 477 1562 532 (1).

260 562 530 618 Reputantibus
569 564 671 603 enim
709 562 817 603 nobis
845 574 920 616 quo
947 560 1072 601 animo
1101 560 1335 600 sacerdotem
1365 560 1403 599 in
1432 570 1560 610 regem

257 642 430 684 affectum
459 641 608 682 finxerit
636 645 772 696 poeta,
805 647 941 696 sponte
961 640 1172 695 apparebit,
1203 641 1241 681 in
1261 652 1371 680 scena
1390 638 1447 679 illa
1466 637 1560 678 hor-

259 723 354 764 roris
410 722 518 776 plena
568 721 775 776 insignique
822 727 901 762 arte
945 720 1150 774 composita
1197 719 1314 758 vivam
1361 717 1558 771 imaginem

258 815 471 857 expressam
502 815 584 842 esse
613 806 674 853 τῆς
701 801 873 850 ἁμαρτὼν,-
886 833 895 848 ,
923 813 995 854 qua
1022 798 1186 853 Oedipus
1213 798 1402 838 laboraret.

312 883 397 924 Non
438 884 585 936 ignorat
612 883 767 923 Tiresias
795 894 923 935 regem
939 913 948 930 ,
985 893 1101 935 quem
1129 880 1231 920 cives
1260 877 1385 918 divino
1415 877 1558 918 bonore

258 967 559 1019 prosequuntur,
605 961 775 1003 nefandis
819 960 1037 1003 criminibus
1083 973 1167 1001 esse
1195 959 1435 1007 obstrictum3
1483 970 1558 998 non

257 1043 406 1097 ignorat
446 1041 598 1096 gloriam
641 1041 738 1082 illam
779 1041 871 1081 nihil
908 1040 1008 1081 aliud
1049 1053 1160 1095 quam
1190 1038 1353 1080 fallacem
1381 1037 1557 1098 praebere

257 1122 418 1175 speciem
460 1121 719 1161 imbecillitatis
748 1121 943 1161 humanae.
980 1115 1128 1173 ⁴ltaque
1156 1133 1233 1160 non
1263 1120 1404 1160 invidet
1435 1125 1558 1159 tantae

258 1203 448 1251 fortunae;
479 1215 556 1243 non
586 1200 723 1254 cogitat
751 1214 793 1241 ea
824 1200 862 1240 in
891 1199 1012 1240 lucem
1032 1199 1198 1254 proferre
1214 1231 1223 1248 ,
1256 1212 1352 1253 quae
1370 1198 1553 1252 Oedipum

254 1297 273 1322 a
302 1294 450 1322 summo
478 1281 632 1321 honoris
661 1281 806 1333 fastigio
835 1279 1032 1334 dejiciant,
1061 1279 1129 1319 sed
1159 1279 1281 1332 potius
1305 1279 1555 1319 misericordia

258 1368 428 1403 movetur
466 1363 534 1403 viri
563 1361 803 1403 infelicissimi
832 1361 958 1401 multis
987 1359 1180 1400 virtutibus
1208 1359 1387 1413 insignis,
1417 1373 1553 1413 *popu-

256 1441 355 1496 lique
404 1441 512 1482 saluti
551 1441 654 1480 omni
693 1441 836 1480 ratione
874 1439 1129 1494 prospicientis
1144 1438 1214 1493 (2).
1272 1439 1393 1487 Quum
1429 1445 1553 1479 autem

257 1522 396 1562 iteratis
439 1522 538 1574 regis
565 1521 732 1574 precibus
761 1534 838 1560 non
868 1521 1026 1575 amplius
1053 1521 1225 1560 resistere
1254 1521 1398 1574 possit,
1447 1520 1551 1560 venit

254 1601 507 1642 invitissimus.
564 1600 732 1654 Rogatus
762 1614 871 1649 vero,
901 1613 972 1655 qua
992 1601 1136 1640 ratione
1154 1600 1242 1641 urbs
1261 1600 1403 1640 liberari
1422 1600 1551 1655 possit.

251 1683 342 1723 dum
387 1683 557 1722 intuetur
603 1681 721 1721 virum
768 1681 880 1734 patris
927 1681 1108 1734 sanguine
1153 1688 1389 1722 cruentatum
1413 1714 1422 1730 ,
1480 1682 1554 1722 suis

253 1762 370 1816 ipsius
409 1761 722 1802 exSecrationibus
751 1760 924 1800 obrutum
941 1792 950 1809 ,
1001 1760 1164 1801 eundem
1194 1760 1418 1815 gravissimis
1445 1761 1557 1801 animi

254 1842 417 1883 motibus
444 1842 622 1895 agitatum
638 1873 647 1890 ,
679 1842 770 1882 dum
799 1855 928 1882 secum
958 1848 1107 1896 reputat
1133 1843 1369 1883 venerandus
1388 1842 1558 1883 sacerdos

295 2015 346 2058 (1)
390 2015 655 2057 Sonumnnwm‘,
677 2005 954 2057 Eineeitunq'zum
978 2016 1084 2057 oedip.
1111 2017 1206 2058 Hm,
1230 2027 1305 2059 pag.
1333 2020 1380 2050 19.

296 2069 344 2113 (2)
388 2071 478 2111 Quod
504 2071 586 2104 bene
609 2072 778 2114 perspexit
801 2081 1062 2113 SanEmEWIN,
1085 2073 1200 2114 Einl„
1223 2082 1254 2114 p.
1279 2072 1316 2106 7:
1362 2073 1436 2107 Aue
1456 2073 1551 2106 Soko-

250 2137 337 2168 mmy
367 2136 461 2168 qeqon
489 2128 548 2158 dm
578 2128 758 2159 verdienten
780 2128 959 2160 Hermam
980 2128 1038 2159 hat
1058 2138 1093 2159 er
1112 2138 1145 2159 eo
1167 2129 1257 2169 lanqe
1277 2129 1334 2159 das
1358 2129 1555 2161 Gelasimus-u

250 2184 286 2214 in
307 2183 375 2215 eccla
395 2183 601 2215 vereoklomn
623 2184 691 2215 und
710 2183 790 2215 auch
803 2184 883 2224 jem
904 2183 1009 2216 maoht
1029 2194 1064 2215 er
1084 2193 1147 2216 nur
1165 2184 1280 2226 qereizt
1293 2184 1553 2226 Enthiillunqm‚

250 2239 337 2271 conf.
371 2249 400 2280 p.
435 2242 483 2271 19.
532 2238 615 2271 Male
638 2248 860 2280 FIBNHABEB,
894 2249 925 2280 p.
952 2242 1033 2280 162,
1068 2239 1143 2271 adn.
1167 2241 1226 2272 23:
1270 2240 1339 2270 ,Dor
1360 2240 1553 2271 Eeidm'aohe

250 2292 346 2325 Sohar
368 2293 462 2326 bleibt
482 2295 551 2327 sich
571 2294 694 2326 uberali
712 2295 824 2336 quial».
866 2294 942 2327 Nur
962 2294 1004 2325 da
1025 2295 1096 2326 will
1115 2304 1150 2326 er
1170 2297 1308 2337 φρονεῖν
1322 2318 1331 2336 ,
1355 2305 1402 2327 wo
1417 2296 1484 2328 ihm
1498 2296 1555 2327 das

249 2351 389 2391 φρονεῖν
421 2351 545 2381 Nutzen
578 2350 707 2390 brinqt,
729 2359 819 2392 seqq.
864 2350 978 2391 Longe
1000 2359 1019 2382 a
1043 2359 1123 2382 vero
1145 2351 1273 2383 aberrat
1295 2361 1497 2384 rmnmm
1519 2353 1552 2384 in

249 2404 397 2436 Tiresiae
419 2405 532 2437 verbis
555 2406 766 2447 explicandis.
812 2406 858 2438 De
883 2406 923 2438 iis
945 2415 1027 2448 quae
1052 2406 1137 2438 inter
1158 2405 1319 2448 Oedipum
1344 2410 1378 2438 et
1391 2407 1553 2440 Tiresiam

249 2466 390 2502 aguntur
413 2461 499 2492 conr.
522 2470 618 2493 mus.
635 2470 805 2493 Bnouwza
817 2486 825 2501 ‚
851 2462 1088 2503 commentatio,
1112 2472 1143 2503 p.
1160 2461 1225 2504 ⁷⁷3
1248 2472 1346 2495 mun.
1363 2472 1535 2494 Bnouwm
1548 2489 1557 2503 ‚

249 2516 381 2556 Ρνοονσ,
424 2526 455 2557 p.
479 2518 543 2556 44,
578 2518 642 2557 46,
682 2518 748 2559 513
787 2527 823 2549 Η.
858 2526 1027 2559 sonum,
1060 2518 1111 2550 die
1131 2517 1264 2550 Einheit
1284 2519 1339 2549 der
1357 2518 1556 2560 Handlzmq,

249 2575 334 2609 cet..
382 2581 459 2613 pag.
503 2574 523 2604 5
555 2578 589 2603 et
623 2574 666 2614 63
699 2583 808 2605 xomz.
842 2582 1049 2614 scnwnnox,
1084 2575 1134 2605 dio
1161 2575 1263 2605 siebm
1294 2574 1470 2615 stayb'dien
1504 2575 1557 2605 dea

250 2626 432 2667 Sophoclea,
467 2637 496 2669 p.
531 2629 610 2666 111,
648 2629 732 2669 1123
765 2638 879 2670 xoox,
918 2629 1066 2669 Sophokl.
1091 2629 1244 2670 Studien,
1269 2639 1300 2672 p.
1324 2629 1388 2670 58,
1411 2629 1474 2671 593
1500 2640 1554 2662 m.

249 2686 405 2724 numm,
429 2683 478 2715 die
503 2683 638 2724 Oediptu
661 2684 754 2727 Saye,
778 2695 813 2727 p.
836 2687 878 2727 95
903 2694 1038 2718 oswm
1066 2694 1247 2727 ammon,
1271 2685 1382 2726 Kbno'q
1400 2685 1555 2726 Oedipus,

251 2748 284 2780 p.
311 2737 493 2773 117-123.
