1814 3190
894 309 949 351 46

266 450 408 504 ligurit,
439 466 486 494 eo
516 454 635 507 magis
669 460 847 495 eventum
886 455 985 495 anxii
1016 463 1257 511 exspectant,
1288 465 1328 500 et
1355 459 1445 500 dum
1475 457 1575 499 ferre

266 531 364 572 haud
410 539 568 587 possunt
605 533 824 588 adspectum
870 535 1030 576 locastae
1071 537 1182 591 impia
1220 539 1368 580 levitate
1405 538 1575 580 stimutos

265 612 424 666 agitatae
451 614 703 655 conscientiae
730 615 893 655 arcentis
913 646 922 663 ,
954 628 1039 656 cum
1070 618 1132 670 pio
1160 618 1278 659 choro
1308 619 1508 674 respiciunt
1526 618 1573 661 ad

266 691 349 733 iilos
387 694 522 743 νόμους·
561 695 750 746 ὒψίποδας
787 695 962 743 οὐρανίαν
1002 699 1046 732 δι’
1083 697 1210 747 αἰθέρα
1249 697 1495 736 τεκνωθέντας
1521 697 1574 735 ὧν

259 773 456 822 Ὄλυμπος
483 774 602 826 πατὴρ
627 774 742 822 μόνος
758 774 829 825 (1).

257 852 259 854 ’
321 852 403 893 Jam
430 854 538 894 anxia
566 853 821 896 sollieitudine
849 863 1087 910 exspectatur
1115 871 1268 905 servus,
1294 859 1333 898 in
1351 871 1426 913 quo
1445 858 1570 899 omnis

267 933 366 985 regis
393 946 480 986 spes
508 940 565 974 est
593 935 732 988 posita,
762 949 874 989 quem
903 949 950 977 eo
969 939 1088 990 magis
1106 939 1326 978 miserantur
1341 944 1572 991 spectatores

266 1025 342 1067 quo
386 1014 507 1067 magis
554 1014 596 1055 iis
642 1022 817 1065 constat,
866 1016 961 1058 hanc
1004 1031 1110 1072 spem
1151 1019 1316 1072 fragilem
1346 1031 1431 1060 esse
1458 1024 1571 1073 atque

309 1228 360 1271 (2)
406 1230 469 1262 863
485 1238 575 1273 seqq.
620 1229 760 1263 Carmen
782 1230 864 1264 iliud
886 1231 981 1264 chori
1003 1241 1131 1266 summo
1153 1241 1263 1264 rerum
1276 1232 1457 1266 discrimini
1473 1233 1571 1264 inter-

266 1285 410 1325 positum
431 1294 451 1316 a
473 1284 610 1328 reliquis
624 1286 708 1319 adeo
723 1292 774 1319 est
788 1287 955 1319 diversum
972 1311 980 1328 ‚
1000 1293 1033 1320 ut
1049 1297 1129 1320 vere
1145 1289 1363 1330 expresserit,
1384 1287 1463 1330 quid
1478 1296 1569 1330 spec-

267 1344 412 1382 tatores,
434 1340 512 1383 quid
535 1340 607 1384 ipse
624 1343 722 1382 poeta
743 1342 882 1375 sentiret
906 1341 1011 1385 (Conf.
1035 1351 1090 1376 rs..
1105 1346 1260 1384 nomn,
1283 1343 1335 1376 die
1349 1342 1444 1382 Sepla.
1465 1342 1568 1375 M.

265 1396 334 1429 und
351 1396 450 1436 M„
473 1398 514 1429 2e
537 1397 662 1437 Halfte,
686 1407 717 1439 p.
735 1398 796 1432 47:
841 1397 912 1431 Ψώ-
932 1397 1048 1440 diirfm
1069 1398 1154 1431 «oola
1174 1397 1335 1439 vibemuqt
1356 1399 1424 1431 sein
1446 1397 1570 1430 indm

268 1450 481 1493 Chorqmnqe
495 1453 685 1495 863—881‚
708 1454 759 1485 die
780 1453 919 1496 wahren
940 1454 1008 1486 und
1026 1454 1134 1486 voum
1155 1453 1387 1496 Uebermqunq
1401 1453 1453 1486 du
1468 1452 1569 1486 Dioli-

268 1511 332 1538 ters
353 1507 447 1540 solbet
467 1519 505 1541 ικ
525 1509 735 1550 venulam).
781 1508 893 1552 ltaque
917 1509 1018 1542 multa
1031 1534 1039 1549 ,
1067 1509 1167 1541 simili
1190 1510 1316 1541 ratione
1337 1519 1376 1541 ac
1396 1509 1515 1541 chorus
1536 1510 1568 1541 in

266 1562 432 1602 Ακίίαυοκ
446 1564 619 1596 582—680
643 1562 698 1606 (de
719 1573 786 1607 quo
810 1563 873 1597 vid.
897 1563 1150 1606 sounmzwm)
1171 1564 1374 1606 composita,
1397 1564 1437 1596 ad
1461 1564 1569 1607 ipsum

267 1615 430 1661 Oedipum
469 1620 633 1662 pertinere
671 1620 888 1662 arbitramur,
926 1630 1031 1662 neque
1067 1620 1251 1652 dubitamus
1286 1621 1364 1661 quin
1397 1629 1437 1651 ea
1451 1645 1459 1660 ‚
1483 1630 1570 1662 quae

267 1671 436 1706 873—881
462 1674 615 1715 leguntur
637 1674 670 1706 in
693 1673 808 1717 Oedipi
832 1675 1007 1707 inscientia
1028 1684 1066 1706 ac
1090 1674 1271 1706 temeritate
1291 1673 1325 1717 (a
1345 1674 1447 1707 choro
1469 1675 1569 1707 etiam

264 1737 296 1760 v.
320 1730 384 1762 646
408 1738 477 1772 seq.
492 1754 502 1771 ‚
531 1731 595 1764 666
609 1755 617 1771 ,
640 1729 725 1770 667,
748 1731 810 1763 681
835 1729 1080 1773 quodammodo
1104 1728 1325 1772 vituperata),
1356 1730 1570 1772 improbanda

264 1790 449 1817 versentur.
494 1785 627 1817 Accedit
648 1786 734 1828 quod
758 1796 788 1819 ν.
812 1785 1000 1821 873-879,
1027 1786 1088 1817 nisi
1104 1784 1268 1825 Oedipum
1283 1790 1453 1827 spectant,
1475 1785 1568 1818 nuilo

264 1838 363 1872 modo
383 1840 560 1873 cohaerent
580 1850 655 1873 cum
677 1841 788 1874 verbis
811 1841 850 1873 τὸ
866 1841 980 1879 καλῶς
995 1838 1108 1882 δ’ἔχον
1123 1839 1223 1872 πόλει
1240 1839 1422 1883 πάλαισμα
1436 1840 1569 1884 μήποτε

262 1894 368 1927 λῦσαι
388 1896 473 1928 θεὸν
493 1895 670 1939 αἰνοῦμαι,
695 1897 728 1928 in
749 1897 868 1939 quibus
889 1895 991 1928 verbo
1007 1895 1191 1936 πάλαισμα
1206 1904 1269 1927 non
1284 1895 1480 1936 consilium,
1503 1905 1570 1938 quo

263 1948 407 1993 Oedipus
454 1961 592 1995 regnum
628 1952 766 1995 adeptus
802 1956 852 1985 est
883 1951 934 1992 (ut
968 1950 1054 1984 maie
1086 1949 1254 1985 contendit
1285 1961 1458 1994 uuum,
1492 1951 1568 1985 Lm.

264 2007 384 2048 Sepla„
418 2008 453 2041 T.
475 2007 526 2049 11,
559 2018 633 2050 pag.
657 2010 722 2041 482
743 2014 775 2039 et
798 2017 1059 2041 sonumnnwm.
1093 2007 1125 2038 in
1150 2011 1286 2048 utraque
1308 2005 1387 2038 Oed.
1410 2005 1569 2049 editione)

264 2062 323 2095 sed
352 2063 467 2095 caedis
498 2064 709 2106 investigatio
732 2063 774 2096 ab
796 2061 923 2105 Oedipo
944 2067 1099 2104 suscepta
1120 2061 1339 2103 intenigenda
1361 2068 1422 2095 est.
1465 2062 1569 2103 Quam

267 2118 595 2160 interpretationem,
631 2119 697 2159 jam
734 2129 756 2151 a
791 2119 976 2152 Scholiasta
1011 2118 1177 2160 prolatam
1208 2118 1282 2158 jure
1305 2119 1431 2160 recepit
1453 2128 1569 2155 muoz

266 2174 298 2207 in
321 2175 419 2208 tertia
441 2185 651 2209 senmnw.
674 2174 831 2208 editione.
868 2174 1062 2207 Conferatur
1083 2182 1295 2207 unanimus
1309 2199 1317 2215 ‚
1341 2183 1437 2217 quem
1462 2180 1567 2207 tamen

265 2231 369 2263 miror
399 2230 542 2273 probare
569 2240 653 2274 quae
683 2230 913 2264 animadvertit
936 2229 1160 2273 Musgravius:
1206 2230 1372 2263 Pertimt
1393 2240 1430 2266 oa
1451 2228 1567 2273 (ὕβρις

263 2285 395 2328 φυτεύει
428 2286 604 2328 τύραννον
624 2285 704 2329 cet.)
726 2288 769 2318 ad
789 2287 1009 2328 Alcibiadem,
1041 2287 1099 2326 qui
1118 2286 1235 2317 hemia
1256 2285 1401 2326 deiectis,
1435 2287 1569 2328 aliisque

263 2343 434 2375 insolenter
458 2341 562 2384 scotie
591 2344 627 2376 δη
662 2344 817 2376 invidiam
845 2347 876 2375 et
908 2343 1113 2382 auspiciorum
1145 2341 1311 2383 affidatos
1341 2341 1567 2375 dominationis

263 2399 427 2431 maderent.
474 2399 698 2433 limanium
731 2405 862 2432 secutus
891 2404 942 2430 est
964 2398 1167 2439 Wunderus,
1192 2398 1247 2439 qui
1270 2402 1442 2439 praeterea
1463 2407 1483 2430 e
1505 2407 1566 2435 suo

265 2453 399 2495 ingenio
422 2455 502 2487 mira
523 2454 681 2498 quaedam
704 2445 844 2496 addidit,
874 2463 982 2496 neque
1003 2459 1110 2486 tamen
1135 2462 1230 2486 versu
1255 2453 1295 2485 τὸ
1317 2453 1433 2492 καλῶς
1453 2452 1567 2496 δ’ἔχον

259 2511 360 2545 πόλει
381 2511 564 2554 πάλαισμα
586 2511 734 2553 expediri
757 2519 794 2542 se
817 2514 926 2552 potest
977 2509 1066 2542 'ralis
1088 2515 1197 2542 autem
1220 2509 1455 2551 interpretandi
1479 2510 1566 2542 ratio

262 2567 294 2598 in
331 2576 396 2609 qua
434 2572 522 2599 totus
559 2572 611 2598 est
639 2577 672 2599 Α.
703 2567 831 2599 serron
856 2565 991 2608 (confer.
1012 2565 1162 2608 inprimis
1183 2573 1267 2607 quae
1288 2569 1494 2598 commentus
1516 2570 1567 2598 est

261 2623 302 2655 ad
340 2623 425 2656 hunc
461 2624 620 2666 chorum,
656 2632 731 2666 pag.
759 2624 818 2656 186
835 2621 942 2665 seqq)
977 2626 1180 2664 quantopere
1212 2621 1319 2654 aliena
1351 2622 1437 2654 sita
1457 2621 1566 2655 divina

261 2680 345 2711 artis
382 2679 590 2722 Sophocleae
627 2680 749 2711 virtute
782 2678 848 2719 jam
883 2677 966 2710 satis
995 2676 1138 2710 ostendit
1168 2685 1420 2711 sonnxmm.
1471 2677 1563 2711 Cous

257 2735 447 2777 Μίκκα
469 2745 540 2769 suns
562 2735 668 2776 oedip.
695 2735 770 2776 ssyr.
793 2739 827 2767 et
847 2734 1044 2776 Αιίαθηυίκε
1066 2733 1257 2805 Εἰκῑοόίκκα
1276 2743 1315 2767 εκ
1329 2732 1426 2774 Sepla.
1443 2739 1565 2776 ίνααοο-

261 2793 335 2825 dien
348 2815 357 2833 ,
379 2801 455 2834 pag.
479 2790 621 2825 XXXVII
645 2801 686 2824 en
711 2789 879 2823 xxxvlu.
