1814 3190
891 266 945 310 56

262 413 452 453 levitatem
490 412 642 454 subesse
682 411 1009 465 intelligimus(1).
1083 413 1181 461 Quin
1222 414 1336 454 etiam
1373 426 1491 468 quum
1532 413 1570 454 in

264 505 311 533 eo
353 499 434 540 est,
477 498 519 533 ut
556 492 680 532 omnia
721 491 758 532 in
798 491 922 533 iucem
941 492 1194 547 ,proferantur
1221 506 1241 534 a
1271 506 1379 534 servo
1407 493 1470 534 ἰΙΙο
1493 494 1569 548 jam

265 573 409 614 dudum
449 579 689 629 exspectato,
737 572 901 628 Oedipus
944 573 1114 614 nondum
1154 575 1327 630 perspicit
1366 575 1567 616 vanitatem

261 669 417 703 eorum,
456 655 591 709 quibus
631 654 744 694 modo
784 661 866 695 erat
904 655 1103 707 gloriatus,
1147 656 1214 696 sed
1257 656 1393 696 famulo
1431 656 1568 710 aliquid

261 735 430 790 proferre
460 735 658 777 haesitanti
687 735 930 785 auctoritate,
969 736 1100 784 minim
1129 738 1165 776 vi
1193 749 1236 777 ea
1265 742 1462 792 extorquet
1481 734 1565 789 (2),

260 828 357 870 quae
395 814 488 872 sibi!
499 816 577 869 jam
616 815 757 855 dudum
794 815 949 855 fuissent
989 815 1206 863 manifesta,
1248 815 1318 856 nisi
1357 815 1403 856 ad
1443 816 1568 856 omnia

262 908 396 936 caecus
423 895 569 937 fuisset.

320 974 366 1015 Et
417 975 486 1015 hac
525 975 678 1030 quidem
720 975 858 1016 mentis
894 976 1073 1016 caecitate
1112 974 1249 1016 factum
1290 981 1348 1016 est
1387 982 1455 1025 ut,
1504 976 1568 1031 qui

262 1057 476 1109 gravissima
505 1056 647 1096 scelera
676 1057 924 1098 commisisset
942 1068 983 1095 se
1003 1056 1125 1095 omnis
1143 1056 1294 1097 sceleris
1311 1069 1445 1111 purum
1459 1056 1567 1110 judi-

262 1143 386 1184 caret,
430 1143 470 1178 ut
513 1138 576 1192 qui
616 1136 795 1191 sapientia
835 1143 935 1177 esset
963 1136 1120 1189 insignis
1150 1136 1337 1189 ignoraret
1365 1148 1405 1176 se
1435 1135 1565 1190 ipsum.

265 1217 342 1264 Qua
372 1218 609 1271 ignoratione
636 1216 691 1257 sui
709 1248 719 1265 ,
753 1217 860 1256 ouius
889 1216 1089 1269 imaginem
1119 1216 1234 1256 refert
1262 1222 1388 1256 nostra
1417 1222 1569 1269 tragoe-

266 1299 325 1339 dia
345 1331 354 1347 ,
398 1299 435 1339 in
474 1298 629 1339 homine
666 1298 811 1350 magnis
840 1295 1038 1336 virtutibus
1064 1296 1235 1349 praedito
1262 1303 1491 1350 spectatores
1521 1308 1568 1335 eo

266 1378 414 1432 gravius
454 1383 558 1419 metu
586 1383 624 1418 et
654 1375 908 1417 misericordia
937 1382 1247 1426 commoventur,
1286 1389 1361 1431 quo
1389 1375 1569 1417 artificio-

264 1460 341 1499 sius
383 1463 491 1512 poeta
531 1457 679 1504 effecit.
713 1463 755 1497 ut
783 1469 830 1496 ex
859 1456 930 1496 hac
958 1457 1034 1510 ipsa
1062 1457 1240 1497 caecitate
1270 1457 1571 1510 proficisceretur

263 1539 446 1592 implicata
485 1538 543 1578 illa
583 1550 706 1577 rerum
743 1535 986 1589 compositio,
1020 1535 1061 1575 in
1091 1549 1162 1589 qua
1191 1549 1266 1575 non
1295 1535 1426 1588 exigua
1457 1534 1567 1575 huius

265 1618 478 1673 tragoediae
507 1618 623 1658 virtus
651 1622 707 1657 est
736 1615 864 1670 posita.

309 2482 360 2523 (1)
406 2482 593 2521 Mmmcn,
627 2490 657 2522 p.
690 2480 769 2511 161:
815 2479 950 2518 00an
979 2486 1060 2518 qam:
1090 2474 1265 2507 ver-blenda
1294 2483 1353 2505 von
1386 2474 1453 2505 dom
1475 2483 1572 2506 neuen

269 2538 489 2581 stuqqebilde,
523 2537 651 2569 welches
681 2545 715 2567 er
736 2535 803 2567 sich
824 2535 918 2567 solbat
938 2532 1131 2574 qeachaffen,
1165 2530 1282 2569 zwinqt
1302 2529 1370 2560 sich
1389 2529 1571 2569 qewaltsam

263 2606 302 2628 zu
332 2597 431 2627 etnam
464 2593 685 2632 Laecanium,
719 2603 757 2624 zu
787 2591 886 2622 vinem
915 2587 1117 2621 Uobemuthe
1137 2586 1187 2617 ἄδι
1206 2584 1383 2616 mustacea
1403 2584 1486 2617 aiud.
1531 2583 1573 2615 So

263 2651 416 2691 offenbart
437 2649 504 2681 nich
525 2649 593 2681 eain
618 2648 795 2681 Char-alcior
817 2647 861 2678 im
883 2642 1118 2685 Auqmblioke,
1139 2650 1187 2673 wo
1208 2640 1260 2672 die
1282 2639 1498 2680 Katastroplw
1521 2639 1570 2670 be-

261 2704 419 2745 vonum,
443 2704 521 2735 noola
543 2703 662 2734 einmal
680 2703 741 2733 mit
760 2702 816 2732 der
835 2702 976 2740 qrbestm
998 2694 1248 2746 ubhafttqaeeit.

308 2759 358 2803 (2)
402 2759 456 2794 Vs.
482 2759 587 2800 1162,
615 2759 716 2800 1164,
743 2757 846 2798 1168,
872 2754 969 2787 1166.
