1814 3190
886 244 941 289 23

268 399 393 436 tamen
432 406 509 435 non
549 394 713 443 dubitat,
753 394 844 448 quin
885 393 1039 448 pecunia
1067 394 1229 448 corrupti
1257 394 1389 434 Laium
1419 393 1576 434 interfe—

267 475 400 516 cerint,
456 474 538 514 Jam
567 475 701 514 metuit
727 487 777 514 ne
805 474 876 514 sibi
906 474 1037 514 eadem
1066 473 1229 528 pericula
1258 474 1518 528 impendeant:

528 566 620 605 ὅςτις
642 566 709 609 γὰρ
732 566 777 606 ἦν
798 567 927 600 ἐκεῖνον
948 565 967 598 ὁ
989 565 1129 600 :ravim
1151 565 1230 609 τάχ’
1252 567 1299 599 ἄν

524 633 602 677 κᾶμ’
625 633 672 667 ἄν
693 635 839 678 τοιαύτῃ
862 636 948 678 χειρὶ
972 638 1129 678 τιμωρεῖν
1149 635 1331 676 sactu),

268 717 339 757 hoc
368 725 470 756 metu
498 716 660 768 agitatur
689 716 725 756 in
756 716 920 757 consiliis
950 715 1161 769 capiendis,
1205 716 1276 756 hoc
1305 722 1409 757 metu
1440 719 1571 771 oppri-

266 803 420 836 muntur
447 809 543 850 quae
570 809 616 836 ex
646 796 778 836 intimo
808 797 933 836 animo
962 808 1116 849 surgere
1136 795 1276 836 debent
1296 796 1543 850 cogitationes
1559 827 1570 845 ,

267 885 306 916 et
335 877 472 917 viribus
501 879 577 917 suis
605 878 723 917 fretus
752 891 793 918 se
820 877 895 914 πᾶν
924 878 1070 926 δράσειν
1098 877 1293 930 pollicetur
1310 877 1435 928 (145).

320 958 487 1000 Eandem
507 957 718 1008 levitatem,
753 957 913 999 eandem
932 957 1241 1013 imprudentiam,
1271 958 1423 1013 quaein
1443 958 1570 1012 primis

267 1037 389 1076 caedis
428 1037 592 1090 vestigiis
630 1037 853 1091 quaerendis
893 1038 1081 1085 cernitur,
1125 1038 1162 1076 in
1202 1039 1356 1078 decreto
1395 1039 1567 1094 faciendo

266 1119 527 1171 agnoscimus,
556 1132 632 1172 quo
662 1124 701 1158 et
729 1132 903 1170 qenerosa
924 1119 1093 1159 voluntas
1110 1124 1148 1158 et
1168 1131 1317 1158 summa
1335 1121 1458 1159 animi
1475 1132 1570 1171 per-

265 1197 430 1239 turbatio
457 1210 498 1239 se
526 1197 690 1253 produnt
710 1195 780 1252 (2).
838 1196 1060 1253 Priusquam
1090 1195 1161 1238 hoc
1190 1196 1383 1238 decretum
1401 1197 1567 1248 faceret,

265 1294 350 1320 cum
379 1280 541 1321 Creonte
570 1280 618 1319 de
647 1279 804 1319 obscuro
834 1279 972 1319 oraculi
991 1291 1172 1332 responso
1191 1279 1361 1326 locutus,
1394 1279 1567 1319 suadenti

268 1363 323 1410 ei,
368 1368 411 1401 ut
449 1361 625 1401 Tiresiam
654 1367 858 1400 arcesseret
888 1367 967 1400 erat
995 1359 1196 1400 obsecutus
1213 1358 1284 1412 (5).
1342 1359 1391 1399 At
1418 1361 1448 1400 si
1477 1374 1570 1413 pru-

267 1441 393 1482 dentia
422 1446 460 1482 et
487 1440 744 1481 moderatione
761 1453 850 1482 usus
869 1446 989 1489 esset,
1017 1447 1271 1495 exspectasset
1293 1440 1382 1481 dum
1402 1440 1568 1481 venisset

266 1522 463 1570 sacerdos,
494 1534 515 1561 a
543 1535 620 1575 quo
648 1522 854 1562 certissima
883 1534 924 1562 se
944 1521 1155 1562 auditurum
1176 1535 1260 1562 esse
1280 1534 1357 1560 non
1376 1522 1458 1561 sine
1484 1522 1568 1575 jure

270 1602 440 1656 sperabat
457 1601 524 1653 (4).

321 1683 394 1724 Sed
442 1682 598 1724 ferventi
642 1684 768 1723 animo
816 1681 1013 1736 indulgens
1059 1695 1101 1722 ea
1133 1681 1231 1736 capit
1258 1681 1411 1722 consilia
1431 1713 1440 1730 ,
1472 1694 1568 1737 quae

266 1765 410 1820 placide
447 1764 733 1806 deliberantibus
772 1764 912 1805 inutilia
953 1764 1025 1804 visa
1061 1771 1201 1804 essent.
1259 1763 1329 1811 Qui
1358 1765 1460 1804 enim
1489 1762 1569 1803 fieri

265 1851 431 1900 poterat,
456 1850 499 1886 ut
517 1846 616 1886 cives
643 1844 729 1886 huic
745 1844 868 1886 edicto
888 1843 1212 1898 obtemperarent,
1232 1845 1263 1885 si
1288 1844 1356 1899 ipsi
1376 1845 1569 1885 nescirent

264 1926 348 1979 quis
388 1926 543 1965 caedem
585 1929 853 1979 perpetrasset,
903 1924 1062 1965 scientes
1101 1938 1168 1964 cur
1210 1931 1401 1964 auctorem
1447 1924 1569 1963 celare

265 2018 378 2058 quam
417 2004 581 2045 indicare
620 2004 870 2045 maluissent?
924 2004 1002 2045 Hoc
1031 2017 1121 2045 vero
1151 2017 1279 2045 secum
1310 2017 1386 2044 non
1417 2009 1569 2058 reputat

264 2108 436 2121 ———

311 2169 359 2211 (1)
408 2171 486 2209 139,
514 2170 583 2201 140.

308 2223 359 2268 (2)
404 2226 466 2258 236
503 2233 572 2266 seq.
617 2223 746 2257 Tuon.
783 2233 876 2260 xocx
889 2249 898 2265 ,
935 2223 1032 2264 Soph.
1056 2223 1190 2257 Studien
1204 2250 1213 2267 ‚
1250 2235 1281 2267 p.
1306 2224 1368 2259 57:
1404 2225 1454 2257 Er
1475 2227 1567 2258 weiss

264 2282 353 2326 nicht
381 2291 438 2312 aue
460 2280 594 2312 walchem
626 2281 776 2312 Gria'nden
797 2281 853 2313 der
874 2281 973 2313 Mord
991 2281 1044 2312 deo
1065 2281 1162 2313 Laioo
1184 2281 1337 2322 beqanqm
1359 2282 1484 2313 worden
1505 2283 1569 2323 ist,

263 2337 322 2367 den
357 2336 475 2367 mter
503 2336 590 2367 kann
619 2336 840 2376 Uebereilunq,
868 2336 1073 2377 Hestfflcm,
1095 2337 1291 2377 Nothwehr,
1314 2337 1513 2369 Rachedunt
1534 2349 1572 2370 zu

262 2393 366 2423 seim
391 2391 474 2424 Tliat
492 2391 649 2432 qetrieben
671 2391 770 2423 haben
780 2402 796 2429 ;
818 2392 871 2423 ein
889 2401 970 2432 qanz
991 2392 1154 2423 ‹ihnlcohes
1184 2392 1375 2424 Verbo-echon
1388 2416 1396 2432 ‚
1420 2393 1477 2423 das
1498 2393 1572 2424 eben

263 2447 344 2479 accoli
363 2447 475 2478 kainon
488 2447 626 2478 hemeran
637 2469 646 2486 ,
668 2446 742 2477 eber
763 2447 851 2478 einen
866 2446 1081 2479 schwdclimn
1096 2447 1494 2488 Enteclmldiqimqaeqmnd
1507 2448 1564 2479 hat

263 2503 355 2534 laam
387 2501 451 2542 aqf
477 2502 543 2534 ihm
569 2502 685 2533 selbst:
718 2502 800 2533 auch
831 2502 913 2533 aeine
938 2501 1021 2534 That
1044 2503 1088 2534 ist
1109 2503 1187 2535 noch
1208 2502 1297 2534 nieht
1317 2503 1470 2544 qesiihnt;
1504 2504 1572 2535 wnd

262 2557 338 2588 doch
357 2557 509 2598 verfluoht
529 2567 564 2588 er
584 2557 804 2598 schonunqscos
816 2557 913 2595 jenen
927 2558 1048 2598 Mann,
1071 2559 1129 2589 den
1144 2568 1179 2590 er
1194 2559 1281 2589 nicht
1296 2559 1392 2590 kannt
1403 2581 1412 2598 ‚
1429 2559 1484 2590 der
1498 2559 1567 2590 sich

264 2621 321 2644 vor
342 2612 409 2643 ihm
429 2612 518 2660 nicht
539 2612 751 2652 vertheidiqen
771 2612 869 2644 kann.

308 2666 357 2710 (3)
404 2669 476 2700 288.
523 2666 695 2710 Κρέοντος
717 2666 885 2706 εἰπόντος.

309 2721 361 2765 (4)
405 2724 578 2755 303—304
591 2746 601 2765 ,
622 2725 697 2755 314.
